% Doxygen bibliography for LALStochastic

@INPROCEEDINGS{Allen1997,
  title =        {{The Stochastic Gravity-Wave Background: Sources and
                  Detection}},
  author =       {{Allen}, B.},
  booktitle =    {{Relativistic Gravitation and Gravitational
                  Radiation}},
  year =         1997,
  editor =       {{Marck}, J.-A. and {Lasota}, J.-P.},
  pages =        373,
  adsnote =      {Provided by the SAO/NASA Astrophysics Data System},
  eprint =       {arXiv:gr-qc/9604033},
  url =          {http://adsabs.harvard.edu/abs/1997rggr.conf..373A}
}

@ARTICLE{Allen1999,
  title =        {{Detecting a stochastic background of gravitational
                  radiation: Signal processing strategies and
                  sensitivities}},
  author =       {Allen, Bruce and Romano, Joseph D.},
  journal =      {Phys. Rev. D},
  pages =        102001,
  volume =       59,
  year =         1999,
  month =        {Mar},
  doi =          {10.1103/PhysRevD.59.102001},
  issue =        10,
  numpages =     41,
  publisher =    {American Physical Society},
  url =          {http://link.aps.org/doi/10.1103/PhysRevD.59.102001}
}

@UNPUBLISHED{Finn2001,
  title =        {{Detecting stochastic gravitational waves: Performance
                  of maximum-likelihood and cross-correlation
                  statistics}},
  author =       {L. S. Finn and J. D. Romano},
  note =         {unpublished}
}

@ARTICLE{Flanagan1993,
  title =        {{Sensitivity of the Laser Interferometer Gravitational
                  Wave Observatory to a stochastic background, and its
                  dependence on the detector orientations}},
  author =       {Flanagan, Eanna E.},
  journal =      {Phys. Rev. D},
  pages =        {2389--2407},
  volume =       48,
  year =         1993,
  month =        {Sep},
  doi =          {10.1103/PhysRevD.48.2389},
  issue =        6,
  publisher =    {American Physical Society},
  url =          {http://link.aps.org/doi/10.1103/PhysRevD.48.2389}
}

@MANUAL{fj_1998,
  title =        {{FFTW User's Manual}},
  address =      {Cambridge, USA},
  author =       {M. Frigo and S. G. Johnson},
  organization = {Massachusetts Institute of Technology},
  year =         1998,
  url =          {http://www.fftw.org/doc}
}

@ARTICLE{Maggiore2000b,
  title =        {{Gravitational wave experiments and early universe
                  cosmology}},
  author =       {{Maggiore}, M.},
  journal =      {Physics Reports},
  pages =        {283-367},
  volume =       331,
  year =         2000,
  month =        jul,
  adsnote =      {Provided by the SAO/NASA Astrophysics Data System},
  doi =          {10.1016/S0370-1573(99)00102-7},
  eprint =       {arXiv:gr-qc/9909001},
  url =          {http://adsabs.harvard.edu/abs/2000PhR...331..283M}
}

@ARTICLE{Maggiore2000a,
  title =        {{Detection strategies for scalar gravitational waves
                  with interferometers and resonant spheres}},
  author =       {Maggiore, Michele and Nicolis, Alberto},
  journal =      {Phys. Rev. D},
  pages =        024004,
  volume =       62,
  year =         2000,
  month =        {Jun},
  doi =          {10.1103/PhysRevD.62.024004},
  issue =        2,
  numpages =     15,
  publisher =    {American Physical Society},
  url =          {http://link.aps.org/doi/10.1103/PhysRevD.62.024004}
}
