@ARTICLE{anderson2001,
	AUTHOR = "Warren G. Anderson and Patrick R. Brady and Jolien D. E. Creighton and \'{E}anna \'{E}. Flanagan",
	TITLE = "Excess Power Statistic for Detection of Burst Sources of Gravitational Radiation",
	JOURNAL = "Physical Review",
	YEAR = "2001",
	MONTH = "February",
	VOLUME = "D63",
	NUMBER = "4",
	PAGES = "042003",
	DOI = "{10.1103/PhysRevD.63.042003}",
	EPRINT = "arXiv:gr-qc/0008066",
	SLACcitation = "%%CITATION = PHRVA,D63,042003,%%"}

@ARTICLE{isaacson1968,
	AUTHOR = "Richard A. Isaacson",
	TITLE = "Gravitational Radiation in the Limit of High Freqeuncy.  {II}.  Nonlinear Terms and the Effective Stress Tensor.",
	JOURNAL = "Physical Review",
	YEAR = "1968",
	MONTH = "February",
	VOLUME = "166",
	NUMBER = "5",
	PAGES = "1272--1280",
	PUBLISHER = "American Physical Society",
	DOI = "{10.1103/PhysRev.166.1272}"}
