@TechReport{ABCCRW_2001,
  author =       {Warren Anderson and Patrick Brady and David Chin and Jolien Creighton and Keith
                  Riles and John Whelan},
  title =        {{Beam Pattern Response Functions and Times of Arrival for Earthbound
                  Interferometer}},
  institution =  {LIGO},
  year =         2001,
  url =          {https://dcc.ligo.org/LIGO-T010110/public},
}

@Article{ABCF2001,
  author =       {{Anderson}, W. G. and {Brady}, P. R. and {Creighton}, J. D. and {Flanagan},
                  {\'E}. {\'E}.},
  title =        {{Excess power statistic for detection of burst sources of gravitational
                  radiation}},
  journal =      {Phys. Rev. D},
  eprint =       {arXiv:gr-qc/0008066},
  keywords =     {Gravitational wave detectors and experiments, Data analysis: algorithms and
                  implementation; data management, Gravitational radiation detectors; mass
                  spectrometers; and other instrumentation and techniques},
  year =         2001,
  month =        feb,
  volume =       63,
  number =       4,
  eid =          042003,
  pages =        042003,
  doi =          {10.1103/PhysRevD.63.042003},
  url =          {http://adsabs.harvard.edu/abs/2001PhRvD..63d2003A},
  adsnote =      {Provided by the SAO/NASA Astrophysics Data System}
}

@Article{ACST94,
  title =        {{Spin-induced orbital precession and its modulation of the gravitational waveforms
                  from merging binaries}},
  author =       {Apostolatos, Theocharis A. and Cutler, Curt and Sussman, Gerald J. and Thorne, Kip
                  S.},
  journal =      {Phys. Rev. D},
  volume =       49,
  issue =        12,
  pages =        {6274--6297},
  year =         1994,
  month =        {Jun},
  doi =          {10.1103/PhysRevD.49.6274},
  url =          {http://link.aps.org/doi/10.1103/PhysRevD.49.6274},
  publisher =    {American Physical Society}
}

@INPROCEEDINGS{Allen1997,
  author =       {{Allen}, B.},
  title =        {{The Stochastic Gravity-Wave Background: Sources and Detection}},
  booktitle =    {{Relativistic Gravitation and Gravitational Radiation}},
  year =         1997,
  eprint =       {arXiv:gr-qc/9604033},
  editor =       {{Marck}, J.-A. and {Lasota}, J.-P.},
  pages =        373,
  url =          {http://adsabs.harvard.edu/abs/1997rggr.conf..373A},
  adsnote =      {Provided by the SAO/NASA Astrophysics Data System}
}

@Article{Allen1999,
  title =        {{Detecting a stochastic background of gravitational radiation: Signal processing
                  strategies and sensitivities}},
  author =       {Allen, Bruce and Romano, Joseph D.},
  journal =      {Phys. Rev. D},
  volume =       59,
  issue =        10,
  pages =        102001,
  numpages =     41,
  year =         1999,
  month =        {Mar},
  doi =          {10.1103/PhysRevD.59.102001},
  url =          {http://link.aps.org/doi/10.1103/PhysRevD.59.102001},
  publisher =    {American Physical Society}
}

@Article{Allen_1996,
  author =       {{Allen}, B.},
  title =        {{Gravitational Wave Detector Sites}},
  journal =      {ArXiv General Relativity and Quantum Cosmology e-prints},
  eprint =       {arXiv:gr-qc/9607075},
  year =         1996,
  month =        jul,
  url =          {http://adsabs.harvard.edu/abs/1996gr.qc.....7075A},
  adsnote =      {Provided by the SAO/NASA Astrophysics Data System}
}

@TechReport{Althouse_1999,
  author =       {William Althouse and Larry Jones and Albert Lazzarini},
  title =        {{Determination of Global and Local Coordinate Axes for the LIGO Sites}},
  institution =  {LIGO},
  year =         1998,
  url =          {https://dcc.ligo.org/LIGO-T980044/public},
}

@Article{BCV03,
  title =        {{Detection template families for gravitational waves from the final stages of
                  binary--black-hole inspirals: Nonspinning case}},
  author =       {Buonanno, Alessandra and Chen, Yanbei and Vallisneri, Michele},
  journal =      {Phys. Rev. D},
  volume =       67,
  issue =        2,
  pages =        024016,
  numpages =     50,
  year =         2003,
  month =        {Jan},
  doi =          {10.1103/PhysRevD.67.024016},
  url =          {http://link.aps.org/doi/10.1103/PhysRevD.67.024016},
  publisher =    {American Physical Society}
}

@Article{BCV03b,
  title =        {{Detecting gravitational waves from precessing binaries of spinning compact
                  objects: Adiabatic limit}},
  author =       {Buonanno, Alessandra and Chen, Yanbei and Vallisneri, Michele},
  journal =      {Phys. Rev. D},
  volume =       67,
  issue =        10,
  pages =        104025,
  numpages =     31,
  year =         2003,
  month =        {May},
  doi =          {10.1103/PhysRevD.67.104025},
  url =          {http://link.aps.org/doi/10.1103/PhysRevD.67.104025},
  publisher =    {American Physical Society}
}

@Article{BD00,
  title =        {{Transition from inspiral to plunge in binary black hole coalescences}},
  author =       {Buonanno, Alessandra and Damour, Thibault},
  journal =      {Phys. Rev. D},
  volume =       62,
  issue =        6,
  pages =        064015,
  numpages =     24,
  year =         2000,
  month =        {Aug},
  doi =          {10.1103/PhysRevD.62.064015},
  url =          {http://link.aps.org/doi/10.1103/PhysRevD.62.064015},
  publisher =    {American Physical Society}
}

@Article{BD99,
  title =        {{Effective one-body approach to general relativistic two-body dynamics}},
  author =       {Buonanno, A. and Damour, T.},
  journal =      {Phys. Rev. D},
  volume =       59,
  issue =        8,
  pages =        084006,
  numpages =     24,
  year =         1999,
  month =        {Mar},
  doi =          {10.1103/PhysRevD.59.084006},
  url =          {http://link.aps.org/doi/10.1103/PhysRevD.59.084006},
  publisher =    {American Physical Society}
}

@Article{BDIWW1995,
  title =        {{Gravitational-Radiation Damping of Compact Binary Systems to Second
                  Post-Newtonian Order}},
  author =       {Blanchet, Luc and Damour, Thibault and Iyer, Bala R. and Will, Clifford M. and
                  Wiseman, Alan G.},
  journal =      {Phys. Rev. Lett.},
  volume =       74,
  issue =        18,
  pages =        {3515--3518},
  year =         1995,
  month =        {May},
  doi =          {10.1103/PhysRevLett.74.3515},
  url =          {http://link.aps.org/doi/10.1103/PhysRevLett.74.3515},
  publisher =    {American Physical Society}
}

@Article{BIWW1996,
  author =       {Luc Blanchet and Bala R Iyer and Clifford M Will and Alan G Wiseman},
  title =        {{Gravitational waveforms from inspiralling compact binaries to
                  second-post-Newtonian order}},
  journal =      {Classical and Quantum Gravity},
  volume =       13,
  number =       4,
  pages =        575,
  url =          {http://stacks.iop.org/0264-9381/13/i=4/a=002},
  year =         1996,
}

@Article{Barnet_1996,
  title =        {{Review of Particle Physics}},
  author =       {Barnett, R. M. and others},
  journal =      {Phys. Rev. D},
  volume =       54,
  issue =        1,
  pages =        {1--708},
  year =         1996,
  month =        {Jul},
  doi =          {10.1103/PhysRevD.54.1},
  url =          {http://link.aps.org/doi/10.1103/PhysRevD.54.1},
  publisher =    {American Physical Society}
}

@Article{Bianchi_1998,
  title =        {{Cross section of a resonant-mass detector for scalar gravitational waves}},
  author =       {Bianchi, M. and Brunetti, M. and Coccia, E. and Fucito, F. and Lobo, J. A.},
  journal =      {Phys. Rev. D},
  volume =       57,
  issue =        8,
  pages =        {4525--4534},
  year =         1998,
  month =        {Apr},
  doi =          {10.1103/PhysRevD.57.4525},
  url =          {http://link.aps.org/doi/10.1103/PhysRevD.57.4525},
  publisher =    {American Physical Society}
}

@Article{BlandfordTeukolsky1976,
  author =       {{Blandford}, R. and {Teukolsky}, S. A.},
  title =        {{Arrival-time analysis for a pulsar in a binary system.}},
  journal =      {Astrophys. J.},
  year =         1976,
  month =        apr,
  volume =       205,
  pages =        {580-591},
  doi =          {10.1086/154315},
  url =          {http://adsabs.harvard.edu/abs/1976ApJ...205..580B},
  adsnote =      {Provided by the SAO/NASA Astrophysics Data System}
}

@Article{Blaut2012,
  title =        {{Angular and frequency response of the gravitational wave interferometers in the
                  metric theories of gravity}},
  author =       {B\l{}aut, Arkadiusz},
  journal =      {Phys. Rev. D},
  volume =       85,
  issue =        4,
  pages =        043005,
  numpages =     15,
  year =         2012,
  month =        {Feb},
  doi =          {10.1103/PhysRevD.85.043005},
  url =          {http://link.aps.org/doi/10.1103/PhysRevD.85.043005},
  publisher =    {American Physical Society}
}

@Article{Brady_P2000,
  title =        {{Searching for periodic sources with LIGO. II. Hierarchical searches}},
  author =       {Brady, Patrick R. and Creighton, Teviet},
  journal =      {Phys. Rev. D},
  volume =       61,
  issue =        8,
  pages =        082001,
  numpages =     20,
  year =         2000,
  month =        {Feb},
  doi =          {10.1103/PhysRevD.61.082001},
  url =          {http://link.aps.org/doi/10.1103/PhysRevD.61.082001},
  publisher =    {American Physical Society}
}

@Article{CS99,
  title =        {{Sphere Packings, Lattices and Groups}},
  publisher =    {Springer-Verlag},
  year =         1988,
  author =       {J. H. Conway and N. J. A. Sloane},
  number =       290,
  series =       {Grundlehren der mathematischen Wissenshaften},
  address =      {New York},
  isbn =         {038796617X}
}

@Article{ChLangeetal2001,
  author =       {{Lange}, C. and {Camilo}, F. and {Wex}, N. and {Kramer}, M. and {Backer},
                  D. C. and {Lyne}, A. G. and {Doroshenko}, O.},
  title =        {{Precision timing measurements of PSR J1012+5307}},
  journal =      {Mon. Not. R. Astron. Soc.},
  eprint =       {arXiv:astro-ph/0102309},
  keywords =     {GRAVITATION, RELATIVITY, TIME, BINARIES: GENERAL, PULSARS: GENERAL, PULSARS:
                  INDIVIDUAL: J1012+5307},
  year =         2001,
  month =        sep,
  volume =       326,
  pages =        {274-282},
  doi =          {10.1046/j.1365-8711.2001.04606.x},
  url =          {http://adsabs.harvard.edu/abs/2001MNRAS.326..274L},
  adsnote =      {Provided by the SAO/NASA Astrophysics Data System}
}

@Article{DJS00,
  title =        {{Determination of the last stable orbit for circular general relativistic binaries
                  at the third post-Newtonian approximation}},
  author =       {Damour, Thibault and Jaranowski, Piotr and Sch\"afer, Gerhard},
  journal =      {Phys. Rev. D},
  volume =       62,
  issue =        8,
  pages =        084011,
  numpages =     21,
  year =         2000,
  month =        {Sep},
  doi =          {10.1103/PhysRevD.62.084011},
  url =          {http://link.aps.org/doi/10.1103/PhysRevD.62.084011},
  publisher =    {American Physical Society}
}

@Article{DamourDeruelle1985,
  author =       {Damour, T., Deruelle, N.},
  journal =      {Annales de l'institut Henri Poincar\'e (A) Physique th\'eorique},
  keywords =     {orbital motion; quasi-Newtonian solution; binary system; first post- Newtonian
                  approximation},
  language =     {eng},
  number =       1,
  pages =        {107-132},
  publisher =    {Gauthier-villars},
  title =        {{General relativistic celestial mechanics of binary systems. I. The post-newtonian
                  motion}},
  url =          {http://eudml.org/doc/76291},
  volume =       43,
  year =         1985,
}

@Article{DupuisWoan2005,
  author =       {{Dupuis}, R. J. and {Woan}, G.},
  title =        {{Bayesian estimation of pulsar parameters from gravitational wave data}},
  journal =      {Phys. Rev. D},
  eprint =       {arXiv:gr-qc/0508096},
  keywords =     {Gravitational wave detectors and experiments, Probability theory, stochastic
                  processes, and statistics},
  year =         2005,
  month =        nov,
  volume =       72,
  number =       10,
  eid =          102002,
  pages =        102002,
  doi =          {10.1103/PhysRevD.72.102002},
  url =          {http://adsabs.harvard.edu/abs/2005PhRvD..72j2002D},
  adsnote =      {Provided by the SAO/NASA Astrophysics Data System}
}

@Article{EBertiEtAl06,
  title =        {{Gravitational-wave spectroscopy of massive black holes with the space
                  interferometer LISA}},
  author =       {Berti, Emanuele and Cardoso, Vitor and Will, Clifford M.},
  journal =      {Phys. Rev. D},
  volume =       73,
  issue =        6,
  pages =        064030,
  numpages =     41,
  year =         2006,
  month =        {Mar},
  doi =          {10.1103/PhysRevD.73.064030},
  url =          {http://link.aps.org/doi/10.1103/PhysRevD.73.064030},
  publisher =    {American Physical Society}
}

@Article{EWLeaver85,
  author =       {Leaver, E. W.},
  title =        {{An Analytic Representation for the Quasi-Normal Modes of Kerr Black Holes}},
  volume =       402,
  number =       1823,
  pages =        {285-298},
  year =         1985,
  doi =          {10.1098/rspa.1985.0119},
  URL =          {http://rspa.royalsocietypublishing.org/content/402/1823/285.abstract},
  eprint =       {http://rspa.royalsocietypublishing.org/content/402/1823/285.full.pdf+html},
  journal =      {Proceedings of the Royal Society of London. A. Mathematical and Physical Sciences}
}

@Article{FEcheverria89,
  title =        {{Gravitational-wave measurements of the mass and angular momentum of a black
                  hole}},
  author =       {Echeverria, Fernando},
  journal =      {Phys. Rev. D},
  volume =       40,
  issue =        10,
  pages =        {3194--3203},
  year =         1989,
  month =        {Nov},
  doi =          {10.1103/PhysRevD.40.3194},
  url =          {http://link.aps.org/doi/10.1103/PhysRevD.40.3194},
  publisher =    {American Physical Society}
}

@Unpublished{Finn2001,
  author =       {L. S. Finn and J. D. Romano},
  title =        {{Detecting stochastic gravitational waves: Performance of maximum-likelihood and
                  cross-correlation statistics}},
  note =         {unpublished}
}

@Article{FinnLazzarini_2001,
  title =        {{Modulating the experimental signature of a stochastic gravitational wave
                  background}},
  author =       {Finn, Lee Samuel and Lazzarini, Albert},
  journal =      {Phys. Rev. D},
  volume =       64,
  issue =        8,
  pages =        082002,
  numpages =     10,
  year =         2001,
  month =        {Sep},
  doi =          {10.1103/PhysRevD.64.082002},
  url =          {http://link.aps.org/doi/10.1103/PhysRevD.64.082002},
  publisher =    {American Physical Society}
}

@Article{Flanagan1993,
  title =        {{Sensitivity of the Laser Interferometer Gravitational Wave Observatory to a
                  stochastic background, and its dependence on the detector orientations}},
  author =       {Flanagan, Eanna E.},
  journal =      {Phys. Rev. D},
  volume =       48,
  issue =        6,
  pages =        {2389--2407},
  year =         1993,
  month =        {Sep},
  doi =          {10.1103/PhysRevD.48.2389},
  url =          {http://link.aps.org/doi/10.1103/PhysRevD.48.2389},
  publisher =    {American Physical Society}
}

@Manual{GRASP2000,
  title =        {{GRASP: a data analysis package for gravitational wave detection}},
  author =       {B. Allen},
  organization = {University of Wisconsin},
  address =      {Milwaukee},
  year =         2000,
  url =          {http://www.lsc-group.phys.uwm.edu/ ballen/grasp-distribution}
}

@Book{Geddes_1992,
  author =       {K. O. Geddes and S. R. Czapor and G. Labahn},
  title =        {{Algorithms for computer algebra}},
  publisher =    {Kluwer Academic},
  year =         1992,
  address =      {Boston}
}

@Article{Grote2010,
  author =       {{Grote}, H. and {LIGO Scientific Collaboration}},
  title =        {{The GEO 600 status}},
  journal =      {Classical and Quantum Gravity},
  year =         2010,
  month =        apr,
  volume =       27,
  number =       8,
  eid =          084003,
  pages =        084003,
  doi =          {10.1088/0264-9381/27/8/084003},
  url =          {http://ukads.nottingham.ac.uk/abs/2010CQGra..27h4003G},
  adsnote =      {Provided by the SAO/NASA Astrophysics Data System}
}

@Book{Halliday_2001,
  author =       {D. Halliday and R. Resnick and J. Walker},
  title =        {{Fundamentals of Physics}},
  publisher =    {Wiley \& Sons},
  year =         2001,
  address =      {New York}
}

@Article{JDECreighton99,
  title =        {{Search techniques for gravitational waves from black-hole ringdowns}},
  author =       {Creighton, Jolien D. E.},
  journal =      {Phys. Rev. D},
  volume =       60,
  issue =        2,
  pages =        022001,
  numpages =     9,
  year =         1999,
  month =        {Jun},
  doi =          {10.1103/PhysRevD.60.022001},
  url =          {http://link.aps.org/doi/10.1103/PhysRevD.60.022001},
  publisher =    {American Physical Society}
}

@Article{JK99,
  title =        {{Data analysis of gravitational-wave signals from spinning neutron
                  stars. II. Accuracy of estimation of parameters}},
  author =       {Jaranowski, Piotr and Kr\'olak, Andrzej},
  journal =      {Phys. Rev. D},
  volume =       59,
  issue =        6,
  pages =        063003,
  numpages =     29,
  year =         1999,
  month =        {Feb},
  doi =          {10.1103/PhysRevD.59.063003},
  url =          {http://link.aps.org/doi/10.1103/PhysRevD.59.063003},
  publisher =    {American Physical Society}
}

@Article{JKS98,
  title =        {{Data analysis of gravitational-wave signals from spinning neutron stars: The
                  signal and its detection}},
  author =       {Jaranowski, Piotr and Kr\'olak, Andrzej and Schutz, Bernard F.},
  journal =      {Phys. Rev. D},
  volume =       58,
  issue =        6,
  pages =        063001,
  numpages =     24,
  year =         1998,
  month =        {Aug},
  doi =          {10.1103/PhysRevD.58.063001},
  url =          {http://link.aps.org/doi/10.1103/PhysRevD.58.063001},
  publisher =    {American Physical Society}
}

@Article{Jones2010,
  author =       {{Jones}, D. I.},
  title =        {{Gravitational wave emission from rotating superfluid neutron stars}},
  journal =      {Mon. Not. R. Astron. Soc.},
  archivePrefix ={arXiv},
  eprint =       {0909.4035},
  primaryClass = {astro-ph.SR},
  keywords =     {gravitational waves, stellar dynamics, stars: neutron, pulsars: general, stars:
                  rotation},
  year =         2010,
  month =        mar,
  volume =       402,
  pages =        {2503-2519},
  doi =          {10.1111/j.1365-2966.2009.16059.x},
  url =          {http://adsabs.harvard.edu/abs/2010MNRAS.402.2503J},
  adsnote =      {Provided by the SAO/NASA Astrophysics Data System}
}

@TechReport{LIGOVIRGO_2000,
  author =       {{LIGO Data Group} and {VIRGO Data Acquisition Group}},
  title =        {{Specification of a Common Data Frame Format for Interferometric Gravitational
                  Wave Detectors (IGWD)}},
  institution =  {LIGO},
  year =         1997,
  url =          {https://dcc.ligo.org/LIGO-T970130/public}
}

@Book{Lang_1992,
  author =       {K. R. Lang},
  title =        {{Astrophysical Data: Planets and Stars}},
  publisher =    {Springer-Verlag},
  year =         1992,
  address =      {New York}
}

@Book{Lang_K1999,
  author =       {K.R. Lang},
  title =        {{Astrophysical Formulae, Volume II: Space, Time, Matter and Cosmology}},
  publisher =    {Springer-Verlag},
  year =         1999,
  series =       {Astronomy and Astrophysics Library},
  address =      {Berlin},
  edition =      {3rd}
}

@TechReport{Lazzarini_1995,
  author =       {Albert Lazzarini},
  title =        {{Derivation of Global and Local Coordinate Axes for the LIGO Sites}},
  institution =  {LIGO},
  year =         1995,
  url =          {https://dcc.ligo.org/LIGO-T950004/public}
}

@Article{Maggiore2000a,
  title =        {{Detection strategies for scalar gravitational waves with interferometers and
                  resonant spheres}},
  author =       {Maggiore, Michele and Nicolis, Alberto},
  journal =      {Phys. Rev. D},
  volume =       62,
  issue =        2,
  pages =        024004,
  numpages =     15,
  year =         2000,
  month =        {Jun},
  doi =          {10.1103/PhysRevD.62.024004},
  url =          {http://link.aps.org/doi/10.1103/PhysRevD.62.024004},
  publisher =    {American Physical Society}
}

@Article{Maggiore2000b,
  author =       {{Maggiore}, M.},
  title =        {{Gravitational wave experiments and early universe cosmology}},
  journal =      {Physics Reports},
  eprint =       {arXiv:gr-qc/9909001},
  year =         2000,
  month =        jul,
  volume =       331,
  pages =        {283-367},
  doi =          {10.1016/S0370-1573(99)00102-7},
  url =          {http://adsabs.harvard.edu/abs/2000PhR...331..283M},
  adsnote =      {Provided by the SAO/NASA Astrophysics Data System}
}

@Article{Nishizawa2009,
  title =        {{Probing nontensorial polarizations of stochastic gravitational-wave backgrounds
                  with ground-based laser interferometers}},
  author =       {Nishizawa, Atsushi and Taruya, Atsushi and Hayama, Kazuhiro and Kawamura, Seiji
                  and Sakagami, Masa-aki},
  journal =      {Phys. Rev. D},
  volume =       79,
  issue =        8,
  pages =        082002,
  numpages =     18,
  year =         2009,
  month =        {Apr},
  doi =          {10.1103/PhysRevD.79.082002},
  url =          {http://link.aps.org/doi/10.1103/PhysRevD.79.082002},
  publisher =    {American Physical Society}
}

@Article{OwenAndSathyaprakash99,
  title =        {{Matched filtering of gravitational waves from inspiraling compact binaries:
                  Computational cost and template placement}},
  author =       {Owen, Benjamin J. and Sathyaprakash, B. S.},
  journal =      {Phys. Rev. D},
  volume =       60,
  issue =        2,
  pages =        022002,
  numpages =     12,
  year =         1999,
  month =        {Jun},
  doi =          {10.1103/PhysRevD.60.022002},
  url =          {http://link.aps.org/doi/10.1103/PhysRevD.60.022002},
  publisher =    {American Physical Society}
}

@Article{Owen_96,
  title =        {{Search templates for gravitational waves from inspiraling binaries: Choice of
                  template spacing}},
  author =       {Owen, Benjamin J.},
  journal =      {Phys. Rev. D},
  volume =       53,
  issue =        12,
  pages =        {6749--6761},
  year =         1996,
  month =        {Jun},
  doi =          {10.1103/PhysRevD.53.6749},
  url =          {http://link.aps.org/doi/10.1103/PhysRevD.53.6749},
  publisher =    {American Physical Society}
}

@InProceedings{Papa2001,
  author =       {M.A. Papa and B.F. Schutz and A.M. Sintes},
  title =        {{Searching for continuous gravitational wave signals: the hierarchical Hough
                  transform algorithm}},
  booktitle =    {{Gravitational waves: A challenge to theoretical astrophysics}},
  pages =        431,
  year =         2001,
  editor =       {V. Ferrari and J.C. Miller and L. Rezzolla},
  volume =       3,
  series =       {ICTP Lecture Notes Series},
  address =      {Italy},
  url =          {http://arxiv.org/abs/gr-qc/0011034}
}

@Article{Prix07,
  author =       {{Prix}, R.},
  title =        {{Search for continuous gravitational waves: Metric of the multidetector
                  F-statistic}},
  journal =      {Phys. Rev. D},
  eprint =       {arXiv:gr-qc/0606088},
  keywords =     {Mathematical procedures and computer techniques, Gravitational wave detectors and
                  experiments, Gravitational radiation detectors; mass spectrometers; and other
                  instrumentation and techniques, Neutron stars},
  year =         2007,
  month =        jan,
  volume =       75,
  number =       2,
  eid =          023004,
  pages =        023004,
  doi =          {10.1103/PhysRevD.75.023004},
  url =          {http://adsabs.harvard.edu/abs/2007PhRvD..75b3004P},
  adsnote =      {Provided by the SAO/NASA Astrophysics Data System}
}

@Article{Sathyaprakash1994,
  title =        {{Filtering post-Newtonian gravitational waves from coalescing binaries}},
  author =       {Sathyaprakash, B. S.},
  journal =      {Phys. Rev. D},
  volume =       50,
  issue =        12,
  pages =        {R7111--R7115},
  year =         1994,
  month =        {Dec},
  doi =          {10.1103/PhysRevD.50.R7111},
  url =          {http://link.aps.org/doi/10.1103/PhysRevD.50.R7111},
  publisher =    {American Physical Society}
}

@Article{SathyaprakashDhurandhar1991,
  title =        {{Choice of filters for the detection of gravitational waves from coalescing
                  binaries}},
  author =       {Sathyaprakash, B. S. and Dhurandhar, S. V.},
  journal =      {Phys. Rev. D},
  volume =       44,
  issue =        12,
  pages =        {3819--3834},
  year =         1991,
  month =        {Dec},
  doi =          {10.1103/PhysRevD.44.3819},
  url =          {http://link.aps.org/doi/10.1103/PhysRevD.44.3819},
  publisher =    {American Physical Society}
}

@Article{Scargle1998,
  author =       {{Scargle}, J. D.},
  title =        {{Studies in Astronomical Time Series Analysis. V. Bayesian Blocks, a New Method to
                  Analyze Structure in Photon Counting Data}},
  journal =      {Astrophys. J.},
  eprint =       {arXiv:astro-ph/9711233},
  keywords =     {METHODS: DATA ANALYSIS, GAMMA RAYS: BURSTS, METHODS: NUMERICAL, METHODS:
                  STATISTICAL},
  year =         1998,
  month =        sep,
  volume =       504,
  pages =        405,
  doi =          {10.1086/306064},
  url =          {http://adsabs.harvard.edu/abs/1998ApJ...504..405S},
  adsnote =      {Provided by the SAO/NASA Astrophysics Data System}
}

@InProceedings{Schutz1999,
  author =       {B.F. Schutz and M.A. Papa},
  title =        {{End-to-end algorithm for hierarchical area searches forlong-duration GW sources
                  for GEO 600}},
  booktitle =    {{Gravitational waves and experimental gravity}},
  year =         1999,
  editor =       {J. Tran Thanh Van and J. Dumarchez and S. Reynaud and C. Salomon and S. Thorsett
                  and J.Y. Vinet},
  address =      {Hanoi},
  publisher =    {World Publishers},
  url =          {http://arxiv.org/abs/gr-qc/9905018}
}

@Article{Sintes1998,
  title =        {{Coherent line removal: Filtering out harmonically related line interference from
                  experimental data, with application to gravitational wave detectors}},
  author =       {Sintes, Alicia M. and Schutz, Bernard F.},
  journal =      {Phys. Rev. D},
  volume =       58,
  issue =        12,
  pages =        122003,
  numpages =     10,
  year =         1998,
  month =        {Nov},
  doi =          {10.1103/PhysRevD.58.122003},
  url =          {http://link.aps.org/doi/10.1103/PhysRevD.58.122003},
  publisher =    {American Physical Society}
}

@InProceedings{Sintes1998b,
  author =       {A. M. Sintes and B. F. Schutz},
  title =        {{Removal of interference from gravitational wave spectrum}},
  booktitle =    {{Proceedings of the 2nd workshop on Gravitational Wave Data Analysis}},
  pages =        255,
  year =         1998,
  editor =       {M. Davier and P. Hello},
  publisher =    {Editions Fronti\`eres},
  address =      {France}
}

@InProceedings{Sintes1998c,
  author =       {A. M. Sintes and B. F. Schutz},
  title =        {{Removal of interference from external coherent signals}},
  booktitle =    {{Laser Interferometer Space Antenna: Second international LISA symposium on
                  gravitational waves}},
  pages =        135,
  year =         1998,
  editor =       {W. Folkner},
  address =      {New York},
  publisher =    {American Institute of Physics}
}

@Article{Sintes1999,
  title =        {{Removing nonstationary, nonharmonic external interference from gravitational wave
                  interferometer data}},
  author =       {Sintes, Alicia M. and Schutz, Bernard F.},
  journal =      {Phys. Rev. D},
  volume =       60,
  issue =        6,
  pages =        062001,
  numpages =     9,
  year =         1999,
  month =        {Aug},
  doi =          {10.1103/PhysRevD.60.062001},
  url =          {http://link.aps.org/doi/10.1103/PhysRevD.60.062001},
  publisher =    {American Physical Society}
}

@InProceedings{Sintes2000,
  author =       {A. M. Sintes and B. F. Schutz},
  title =        {{Removing Line Interference from Gravitational Wave Interferometer Data}},
  booktitle =    {{Gravitational Wave Detection II}},
  pages =        273,
  year =         2000,
  editor =       {S. Kawamura and N. Mio},
  number =       32,
  series =       {Frontiers Science Series},
  address =      {Tokyo},
  publisher =    {Universal Academy Press, Inc}
}

@Article{Skilling2006,
  author =       {John Skilling},
  title =        {{Nested sampling for general Bayesian computation}},
  journal =      {Bayesian Analysis},
  year =         2006,
  volume =       1,
  number =       4,
  pages =        833,
  doi =          {10.1214/06-BA127}
}

@Article{TAA96,
  title =        {{Search templates for gravitational waves from precessing, inspiraling binaries}},
  author =       {Apostolatos, Theocharis A.},
  journal =      {Phys. Rev. D},
  volume =       52,
  issue =        2,
  pages =        {605--620},
  year =         1995,
  month =        {Jul},
  doi =          {10.1103/PhysRevD.52.605},
  url =          {http://link.aps.org/doi/10.1103/PhysRevD.52.605},
  publisher =    {American Physical Society}
}

@Article{TD02,
  title =        {{Coalescence of two spinning black holes: An effective one-body approach}},
  author =       {Damour, Thibault},
  journal =      {Phys. Rev. D},
  volume =       64,
  issue =        12,
  pages =        124013,
  numpages =     22,
  year =         2001,
  month =        {Nov},
  doi =          {10.1103/PhysRevD.64.124013},
  url =          {http://link.aps.org/doi/10.1103/PhysRevD.64.124013},
  publisher =    {American Physical Society}
}

@Article{TaylorWeisberg1989,
  author =       {{Taylor}, J. H. and {Weisberg}, J. M.},
  title =        {{Further experimental tests of relativistic gravity using the binary pulsar PSR
                  1913+16}},
  journal =      {Astrophys. J.},
  keywords =     {BINARY STARS, COMPUTATIONAL ASTROPHYSICS, GRAVITATION THEORY, PULSARS,
                  RELATIVISTIC EFFECTS, DATA ACQUISITION, KEPLER LAWS, RADIATION EFFECTS, STELLAR
                  MASS, STELLAR ORBITS},
  year =         1989,
  month =        oct,
  volume =       345,
  pages =        {434-450},
  doi =          {10.1086/167917},
  url =          {http://adsabs.harvard.edu/abs/1989ApJ...345..434T},
  adsnote =      {Provided by the SAO/NASA Astrophysics Data System}
}

@Article{VeitchVecchio2010,
  author =       {{Veitch}, J. and {Vecchio}, A.},
  title =        {{Bayesian coherent analysis of in-spiral gravitational wave signals with a
                  detector network}},
  journal =      {Phys. Rev. D},
  archivePrefix ={arXiv},
  eprint =       {0911.3820},
  primaryClass = {astro-ph.CO},
  keywords =     {Gravitational wave detectors and experiments, General statistical methods,
                  Applications of Monte Carlo methods},
  year =         2010,
  month =        mar,
  volume =       81,
  number =       6,
  eid =          062003,
  pages =        062003,
  doi =          {10.1103/PhysRevD.81.062003},
  url =          {http://adsabs.harvard.edu/abs/2010PhRvD..81f2003V},
  adsnote =      {Provided by the SAO/NASA Astrophysics Data System}
}

@Book{WeinZub62,
  author =       {L.A. Weinstein and V.D. Zubakov},
  title =        {{Extraction of Signals from Noise}},
  year =         1962,
  publisher =    {Prentice-Hall},
  address =      {Englewood Cliffs, NJ}
}

@Article{Wex1998,
  author =       {{Wex}, N.},
  title =        {{A timing formula for main-sequence star binary pulsars}},
  journal =      {Mon. Not. R. Astron. Soc.},
  eprint =       {arXiv:astro-ph/9706086},
  keywords =     {BINARIES: GENERAL, PULSARS: GENERAL, PULSARS: INDIVIDUAL: PSR J0045-7319, PULSARS:
                  INDIVIDUAL: PSR B1259-63},
  year =         1998,
  month =        jul,
  volume =       298,
  pages =        {67-77},
  doi =          {10.1046/j.1365-8711.1998.01570.x},
  url =          {http://adsabs.harvard.edu/abs/1998MNRAS.298...67W},
  adsnote =      {Provided by the SAO/NASA Astrophysics Data System}
}

@Article{Will_C_1996,
  title =        {{Gravitational radiation from compact binary systems: Gravitational waveforms and
                  energy loss to second post-Newtonian order}},
  author =       {Will, Clifford M. and Wiseman, Alan G.},
  journal =      {Phys. Rev. D},
  volume =       54,
  issue =        8,
  pages =        {4813--4848},
  year =         1996,
  month =        {Oct},
  doi =          {10.1103/PhysRevD.54.4813},
  url =          {http://link.aps.org/doi/10.1103/PhysRevD.54.4813},
  publisher =    {American Physical Society}
}

@InProceedings{Williams1999,
  author =       {Williams, Peter R. and Schutz, Bernard F.},
  title =        {{An Efficient matched filtering algorithm for the detection of continuous
                  gravitational wave signals}},
  booktitle =    {{Gravitational waves. Proceedings, 3rd Edoardo Amaldi Conference, Pasadena, USA,
                  July 12-16, 1999}},
  year =         2000,
  editor =       {Meshkov, S.},
  url =          {http://arxiv.org/abs/gr-qc/9912029},
}

@Article{Zhou_1995,
  title =        {{Spherical resonant-mass gravitational wave detectors}},
  author =       {Zhou, Carl Z. and Michelson, Peter F.},
  journal =      {Phys. Rev. D},
  volume =       51,
  issue =        6,
  pages =        {2517--2545},
  year =         1995,
  month =        {Mar},
  doi =          {10.1103/PhysRevD.51.2517},
  url =          {http://link.aps.org/doi/10.1103/PhysRevD.51.2517},
  publisher =    {American Physical Society}
}

@Article{ab1999,
  author =       {{Anderson}, W. G. and {Balasubramanian}, R.},
  title =        {{Time-frequency detection of gravitational waves}},
  journal =      {Phys. Rev. D},
  eprint =       {arXiv:gr-qc/9905023},
  keywords =     {Gravitational wave detectors and experiments, Data analysis: algorithms and
                  implementation; data management, Image processing},
  year =         1999,
  month =        nov,
  volume =       60,
  number =       10,
  eid =          102001,
  pages =        102001,
  doi =          {10.1103/PhysRevD.60.102001},
  url =          {http://adsabs.harvard.edu/abs/1999PhRvD..60j2001A},
  adsnote =      {Provided by the SAO/NASA Astrophysics Data System}
}

@Article{acdhp1999,
  author =       {{Arnaud}, N. and {Cavalier}, F. and {Davier}, M. and {Hello}, P. and {Pradier},
                  T.},
  title =        {{Triggers for the Detection of Gravitational Wave Bursts}},
  journal =      {ArXiv General Relativity and Quantum Cosmology e-prints},
  eprint =       {arXiv:gr-qc/9903035},
  keywords =     {General Relativity and Quantum Cosmology},
  year =         1999,
  month =        mar,
  url =          {http://adsabs.harvard.edu/abs/1999gr.qc.....3035A},
  adsnote =      {Provided by the SAO/NASA Astrophysics Data System}
}

@Article{dis1998,
  title =        {{Improved filters for gravitational waves from inspiraling compact binaries}},
  author =       {Damour, Thibault and Iyer, Bala R. and Sathyaprakash, B. S.},
  journal =      {Phys. Rev. D},
  volume =       57,
  issue =        2,
  pages =        {885--907},
  year =         1998,
  month =        {Jan},
  doi =          {10.1103/PhysRevD.57.885},
  url =          {http://link.aps.org/doi/10.1103/PhysRevD.57.885},
  publisher =    {American Physical Society}
}

@Article{dis2000,
  title =        {{Frequency-domain P-approximant filters for time-truncated inspiral gravitational
                  wave signals from compact binaries}},
  author =       {Damour, Thibault and Iyer, Bala R. and Sathyaprakash, B. S.},
  journal =      {Phys. Rev. D},
  volume =       62,
  issue =        8,
  pages =        084036,
  numpages =     34,
  year =         2000,
  month =        {Sep},
  doi =          {10.1103/PhysRevD.62.084036},
  url =          {http://link.aps.org/doi/10.1103/PhysRevD.62.084036},
  publisher =    {American Physical Society}
}

@Article{dis2001,
  title =        {{Comparison of search templates for gravitational waves from binary inspiral}},
  author =       {Damour, Thibault and Iyer, Bala R. and Sathyaprakash, B. S.},
  journal =      {Phys. Rev. D},
  volume =       63,
  issue =        4,
  pages =        044023,
  numpages =     14,
  year =         2001,
  month =        {Jan},
  doi =          {10.1103/PhysRevD.63.044023},
  url =          {http://link.aps.org/doi/10.1103/PhysRevD.63.044023},
  publisher =    {American Physical Society}
}

@Article{dis2002,
  title =        {{Comparison of search templates for gravitational waves from binary inspiral:
                  3.5PN update}},
  author =       {Damour, Thibault and Iyer, Bala R. and Sathyaprakash, B. S.},
  journal =      {Phys. Rev. D},
  volume =       66,
  issue =        2,
  pages =        027502,
  numpages =     3,
  year =         2002,
  month =        {Jul},
  doi =          {10.1103/PhysRevD.66.027502},
  url =          {http://link.aps.org/doi/10.1103/PhysRevD.66.027502},
  publisher =    {American Physical Society}
}

@Book{esaa1992,
  editor =       {P.K. Seidelmann},
  title =        {{Explanatory Supplement to the Astronomical Almanac}},
  publisher =    {University Science Books},
  year =         1992,
  address =      {Mill Valley}
}

@Article{fh1998,
  title =        {{Measuring gravitational waves from binary black hole coalescences. I. Signal to
                  noise for inspiral, merger, and ringdown}},
  author =       {Flanagan, \'Eanna \'E. and Hughes, Scott A.},
  journal =      {Phys. Rev. D},
  volume =       57,
  issue =        8,
  pages =        {4535--4565},
  year =         1998,
  month =        {Apr},
  doi =          {10.1103/PhysRevD.57.4535},
  url =          {http://link.aps.org/doi/10.1103/PhysRevD.57.4535},
  publisher =    {American Physical Society}
}

@Manual{fj_1998,
  title =        {{FFTW User's Manual}},
  author =       {M. Frigo and S. G. Johnson},
  organization = {Massachusetts Institute of Technology},
  address =      {Cambridge, USA},
  year =         1998,
  url =          {http://www.fftw.org/doc}
}

@Book{flandrin99_tf_tsP,
  author =       {Patrick Flandrin},
  title =        {{Time-Frequency/Time-Scale Analysis, Volume 10 (Wavelet Analysis and Its
                  Applications)}},
  publisher =    {Academic Press},
  year =         1999,
  address =      {San Diego}
}

@Article{fvf1968,
  author =       {Fliegel, Henry F. and van Flandern, Thomas C.},
  title =        {{Letters to the editor: a machine algorithm for processing calendar dates}},
  journal =      {Commun. ACM},
  issue_date =   {Oct. 1968},
  volume =       11,
  number =       10,
  month =        oct,
  year =         1968,
  issn =         {0001-0782},
  pages =        {657--},
  url =          {http://doi.acm.org/10.1145/364096.364097},
  doi =          {10.1145/364096.364097},
  acmid =        364097,
  publisher =    {ACM},
  address =      {New York, NY, USA},
  keywords =     {Fortran statement function, Gregorian calendar, Gregorian date, Julian calendar,
                  Julian date, arithmetic statement function, calendar date, calendars, continuous
                  day count, function, time interval},
}

@Book{green1985,
  author =       {R.M. Green},
  title =        {{Spherical Astronomy}},
  publisher =    {Cambridge University Press},
  year =         1985,
}

@Misc{iso8601,
  key =          {ISO-8601},
  author =       {{International Organization for Standardization}},
  title =        {{International Standard ISO 8601}},
  year =         1988,
  url =          {http://www.iso.org}
}

@Article{md2012,
  author =       {{Manzotti}, A. and {Dietz}, A.},
  title =        {{Prospects for early localization of gravitational-wave signals from compact
                  binary coalescences with advanced detectors}},
  journal =      {ArXiv e-prints},
  archivePrefix ={arXiv},
  eprint =       {1202.4031},
  primaryClass = {gr-qc},
  keywords =     {General Relativity and Quantum Cosmology, Astrophysics - Cosmology and
                  Extragalactic Astrophysics},
  year =         2012,
  month =        feb,
  url =          {http://adsabs.harvard.edu/abs/2012arXiv1202.4031M},
  adsnote =      {Provided by the SAO/NASA Astrophysics Data System}
}

@Misc{novas_1999,
  key =          {NOVAS-C},
  author =       {{U. S. Naval Observatory}},
  title =        {{Naval Observatory Vector Astrometry Subroutines, C Version 2.0.1}},
  url =          {http://aa.usno.navy.mil/software/novas/novasUNDERSCOREc/novasc_info.html}
}

@Book{pm95,
  author =       {J.G. Proakis and D.G. Manolakis},
  title =        {{Digital Signal Processing: principles, algorithms and applications}},
  publisher =    {Prentice Hill},
  year =         1995,
  edition =      {3rd}
}

@Book{ptvf1992,
  author =       {W. H. Press and S. A. Teukolsky and W. T. Vetterling and B. P. Flannery},
  title =        {{Numerical Recipes in C: The Art of Scientific Computing}},
  publisher =    {Cambridge University Press},
  year =         1992,
  edition =      {2nd}
}

@Book{pw93,
  author =       {D.B. Percival and A.T. Walden},
  title =        {{Spectral analysis for physical applications}},
  publisher =    {Cambridge University Press},
  year =         1993
}

@Book{stakgold79,
  author =       {I. Stakgold},
  title =        {{Green's Functions and Boundary Value Problems}},
  publisher =    {Wiley Interscience},
  year =         1979
}

@Manual{tftb,
  title =        {{Time-frequency toolbox for Matlab, user's guide and reference guide}},
  author =       {F. Auger and P. Flandrin and P. Gon\c{c}alv\`ees and O. Lemoine},
  url =          {http://iut-saint-nazaire.univ-nantes.fr/ auger/tftb.html}
}

@Article{vfp1979,
  author =       {{van Flandern}, T. C. and {Pulkkinen}, K. F.},
  title =        {{Low-precision formulae for planetary positions}},
  journal =      {Astrophys. J. Suppl.},
  keywords =     {ASTRONOMICAL COORDINATES, CELESTIAL MECHANICS, MOON, NUMERICAL ANALYSIS, PLANETS,
                  SOLAR POSITION, DIGITAL TECHNIQUES, FORTRAN, GEOCENTRIC COORDINATES,
                  MICROPROCESSORS, MINICOMPUTERS, SOLAR ORBITS},
  year =         1979,
  month =        nov,
  volume =       41,
  pages =        {391-411},
  doi =          {10.1086/190623},
  url =          {http://adsabs.harvard.edu/abs/1979ApJS...41..391V},
  adsnote =      {Provided by the SAO/NASA Astrophysics Data System}
}
