@Manual{LAL,
    title	= {LAL Software Documentation},
    organization = {LIGO Scientific Collaboration},
    annote    	= {Manual for the LSC Algorithm Library (LAL)},
    url		= {http://www.lsc-group.phys.uwm.edu/lal}
}

@Book{Press:1992,
    author	= {William H. Press and Saul A. Teukolsky and
                   William T. Vetterling and Brian P. Flannery},
    title	= {Numerical Recipes in C: the art of scientific computing},
    edition     = 2,
    publisher	= {Cambridge University Press},
    address     = {Cambridge, England},
    year	= 1992
}

@Article{Einstein:1905,
    author	= {Albert Einstein},
    title	= {On the electrodynamics of moving bodies},
    journal	= adp,
    volume	= 17,
    pages	= {891--921},
    year	= 1905
}


