% Doxygen bibliography for LAL

@MANUAL{GRASP2000,
  title =        {{GRASP: a data analysis package for gravitational wave
                  detection}},
  address =      {Milwaukee},
  author =       {B. Allen},
  organization = {University of Wisconsin},
  year =         2000,
  url =          {http://www.lsc-group.phys.uwm.edu/~ballen/grasp-distribution}
}

@ARTICLE{Allen_1996,
  title =        {{Gravitational Wave Detector Sites}},
  author =       {{Allen}, B.},
  journal =      {ArXiv General Relativity and Quantum Cosmology
                  e-prints},
  year =         1996,
  month =        jul,
  adsnote =      {Provided by the SAO/NASA Astrophysics Data System},
  eprint =       {arXiv:gr-qc/9607075},
  url =          {http://adsabs.harvard.edu/abs/1996gr.qc.....7075A}
}

@TECHREPORT{Althouse_1999,
  title =        {{Determination of Global and Local Coordinate Axes for
                  the LIGO Sites}},
  author =       {William Althouse and Larry Jones and Albert Lazzarini},
  institution =  {LIGO},
  year =         1998,
  url =          {https://dcc.ligo.org/LIGO-T980044/public}
}

@TECHREPORT{ABCCRW_2001,
  title =        {{Beam Pattern Response Functions and Times of Arrival
                  for Earthbound Interferometer}},
  author =       {Warren Anderson and Patrick Brady and David Chin and
                  Jolien Creighton and Keith Riles and John Whelan},
  institution =  {LIGO},
  year =         2001,
  url =          {https://dcc.ligo.org/LIGO-T010110/public}
}

@ARTICLE{ABCF2001,
  title =        {{Excess power statistic for detection of burst sources
                  of gravitational radiation}},
  author =       {{Anderson}, W. G. and {Brady}, P. R. and {Creighton},
                  J. D. and {Flanagan}, {\'E}. {\'E}.},
  journal =      {Phys. Rev. D},
  pages =        042003,
  volume =       63,
  year =         2001,
  eid =          042003,
  month =        feb,
  number =       4,
  adsnote =      {Provided by the SAO/NASA Astrophysics Data System},
  doi =          {10.1103/PhysRevD.63.042003},
  eprint =       {arXiv:gr-qc/0008066},
  keywords =     {Gravitational wave detectors and experiments, Data
                  analysis: algorithms and implementation; data
                  management, Gravitational radiation detectors; mass
                  spectrometers; and other instrumentation and
                  techniques},
  url =          {http://adsabs.harvard.edu/abs/2001PhRvD..63d2003A}
}

@ARTICLE{Blaut2012,
  title =        {{Angular and frequency response of the gravitational
                  wave interferometers in the metric theories of
                  gravity}},
  author =       {B\l{}aut, Arkadiusz},
  journal =      {Phys. Rev. D},
  pages =        043005,
  volume =       85,
  year =         2012,
  month =        {Feb},
  doi =          {10.1103/PhysRevD.85.043005},
  issue =        4,
  numpages =     15,
  publisher =    {American Physical Society},
  url =          {http://link.aps.org/doi/10.1103/PhysRevD.85.043005}
}

@ARTICLE{Barnet_1996,
  title =        {{Review of Particle Physics}},
  author =       {Barnett, R. M. and others},
  journal =      {Phys. Rev. D},
  pages =        {1--708},
  volume =       54,
  year =         1996,
  month =        {Jul},
  doi =          {10.1103/PhysRevD.54.1},
  issue =        1,
  publisher =    {American Physical Society},
  url =          {http://link.aps.org/doi/10.1103/PhysRevD.54.1}
}

@ARTICLE{Bianchi_1998,
  title =        {{Cross section of a resonant-mass detector for scalar
                  gravitational waves}},
  author =       {Bianchi, M. and Brunetti, M. and Coccia, E. and
                  Fucito, F. and Lobo, J. A.},
  journal =      {Phys. Rev. D},
  pages =        {4525--4534},
  volume =       57,
  year =         1998,
  month =        {Apr},
  doi =          {10.1103/PhysRevD.57.4525},
  issue =        8,
  publisher =    {American Physical Society},
  url =          {http://link.aps.org/doi/10.1103/PhysRevD.57.4525}
}

@ARTICLE{dis2001,
  title =        {{Comparison of search templates for gravitational
                  waves from binary inspiral}},
  author =       {Damour, Thibault and Iyer, Bala R. and Sathyaprakash,
                  B. S.},
  journal =      {Phys. Rev. D},
  pages =        044023,
  volume =       63,
  year =         2001,
  month =        {Jan},
  doi =          {10.1103/PhysRevD.63.044023},
  issue =        4,
  numpages =     14,
  publisher =    {American Physical Society},
  url =          {http://link.aps.org/doi/10.1103/PhysRevD.63.044023}
}

@ARTICLE{FinnLazzarini_2001,
  title =        {{Modulating the experimental signature of a stochastic
                  gravitational wave background}},
  author =       {Finn, Lee Samuel and Lazzarini, Albert},
  journal =      {Phys. Rev. D},
  pages =        082002,
  volume =       64,
  year =         2001,
  month =        {Sep},
  doi =          {10.1103/PhysRevD.64.082002},
  issue =        8,
  numpages =     10,
  publisher =    {American Physical Society},
  url =          {http://link.aps.org/doi/10.1103/PhysRevD.64.082002}
}

@ARTICLE{fvf1968,
  title =        {{Letters to the editor: a machine algorithm for
                  processing calendar dates}},
  author =       {Fliegel, Henry F. and van Flandern, Thomas C.},
  journal =      {Commun. ACM},
  pages =        {657--},
  volume =       11,
  year =         1968,
  month =        oct,
  number =       10,
  acmid =        364097,
  address =      {New York, NY, USA},
  doi =          {10.1145/364096.364097},
  issn =         {0001-0782},
  Issue_date =   {Oct. 1968},
  keywords =     {Fortran statement function, Gregorian calendar,
                  Gregorian date, Julian calendar, Julian date,
                  arithmetic statement function, calendar date,
                  calendars, continuous day count, function, time
                  interval},
  publisher =    {ACM},
  url =          {http://doi.acm.org/10.1145/364096.364097}
}

@MANUAL{fj_1998,
  title =        {{FFTW User's Manual}},
  address =      {Cambridge, USA},
  author =       {M. Frigo and S. G. Johnson},
  organization = {Massachusetts Institute of Technology},
  year =         1998,
  url =          {http://www.fftw.org/doc}
}

@BOOK{Geddes_1992,
  title =        {{Algorithms for computer algebra}},
  author =       {K. O. Geddes and S. R. Czapor and G. Labahn},
  publisher =    {Kluwer Academic},
  year =         1992,
  address =      {Boston}
}

@BOOK{green1985,
  title =        {{Spherical Astronomy}},
  author =       {R.M. Green},
  publisher =    {Cambridge University Press},
  year =         1985
}

@BOOK{Halliday_2001,
  author =       {D. Halliday and R. Resnick and J. Walker},
  title =        {{Fundamentals of Physics}},
  publisher =    {Wiley \& Sons},
  year =         2001,
  address =      {New York}
}

@BOOK{Lang_K1999,
  title =        {{Astrophysical Formulae, Volume II: Space, Time,
                  Matter and Cosmology}},
  author =       {K.R. Lang},
  publisher =    {Springer-Verlag},
  year =         1999,
  address =      {Berlin},
  edition =      {3rd},
  series =       {Astronomy and Astrophysics Library}
}

@BOOK{Lang_1992,
  title =        {{Astrophysical Data: Planets and Stars}},
  author =       {K. R. Lang},
  publisher =    {Springer-Verlag},
  year =         1992,
  address =      {New York}
}

@TECHREPORT{LIGOVIRGO_2000,
  title =        {{Specification of a Common Data Frame Format for
                  Interferometric Gravitational Wave Detectors (IGWD)}},
  author =       {{LIGO Data Group} and {VIRGO Data Acquisition Group}},
  institution =  {LIGO},
  year =         1997,
  url =          {https://dcc.ligo.org/LIGO-T970130/public}
}

@ARTICLE{Maggiore2000b,
  title =        {{Gravitational wave experiments and early universe
                  cosmology}},
  author =       {{Maggiore}, M.},
  journal =      {Physics Reports},
  pages =        {283-367},
  volume =       331,
  year =         2000,
  month =        jul,
  adsnote =      {Provided by the SAO/NASA Astrophysics Data System},
  doi =          {10.1016/S0370-1573(99)00102-7},
  eprint =       {arXiv:gr-qc/9909001},
  url =          {http://adsabs.harvard.edu/abs/2000PhR...331..283M}
}

@ARTICLE{Maggiore2000a,
  title =        {{Detection strategies for scalar gravitational waves
                  with interferometers and resonant spheres}},
  author =       {Maggiore, Michele and Nicolis, Alberto},
  journal =      {Phys. Rev. D},
  pages =        024004,
  volume =       62,
  year =         2000,
  month =        {Jun},
  doi =          {10.1103/PhysRevD.62.024004},
  issue =        2,
  numpages =     15,
  publisher =    {American Physical Society},
  url =          {http://link.aps.org/doi/10.1103/PhysRevD.62.024004}
}

@ARTICLE{Nishizawa2009,
  title =        {{Probing nontensorial polarizations of stochastic
                  gravitational-wave backgrounds with ground-based laser
                  interferometers}},
  author =       {Nishizawa, Atsushi and Taruya, Atsushi and Hayama,
                  Kazuhiro and Kawamura, Seiji and Sakagami, Masa-aki},
  journal =      {Phys. Rev. D},
  pages =        082002,
  volume =       79,
  year =         2009,
  month =        {Apr},
  doi =          {10.1103/PhysRevD.79.082002},
  issue =        8,
  numpages =     18,
  publisher =    {American Physical Society},
  url =          {http://link.aps.org/doi/10.1103/PhysRevD.79.082002}
}

@BOOK{pw93,
  title =        {{Spectral analysis for physical applications}},
  author =       {D.B. Percival and A.T. Walden},
  publisher =    {Cambridge University Press},
  year =         1993
}

@BOOK{ptvf1992,
  title =        {{Numerical Recipes in C: The Art of Scientific
                  Computing}},
  author =       {W. H. Press and S. A. Teukolsky and W. T. Vetterling
                  and B. P. Flannery},
  publisher =    {Cambridge University Press},
  year =         1992,
  edition =      {2nd}
}

@BOOK{pm95,
  title =        {{Digital Signal Processing: principles, algorithms and
                  applications}},
  author =       {J.G. Proakis and D.G. Manolakis},
  publisher =    {Prentice Hill},
  year =         1995,
  edition =      {3rd}
}

@BOOK{stakgold79,
  title =        {{Green's Functions and Boundary Value Problems}},
  author =       {I. Stakgold},
  publisher =    {Wiley Interscience},
  year =         1979
}

@ARTICLE{vfp1979,
  title =        {{Low-precision formulae for planetary positions}},
  author =       {{van Flandern}, T. C. and {Pulkkinen}, K. F.},
  journal =      {Astrophys. J. Suppl.},
  pages =        {391-411},
  volume =       41,
  year =         1979,
  month =        nov,
  adsnote =      {Provided by the SAO/NASA Astrophysics Data System},
  doi =          {10.1086/190623},
  keywords =     {ASTRONOMICAL COORDINATES, CELESTIAL MECHANICS, MOON,
                  NUMERICAL ANALYSIS, PLANETS, SOLAR POSITION, DIGITAL
                  TECHNIQUES, FORTRAN, GEOCENTRIC COORDINATES,
                  MICROPROCESSORS, MINICOMPUTERS, SOLAR ORBITS},
  url =          {http://adsabs.harvard.edu/abs/1979ApJS...41..391V}
}

@ARTICLE{Will_C_1996,
  title =        {{Gravitational radiation from compact binary systems:
                  Gravitational waveforms and energy loss to second
                  post-Newtonian order}},
  author =       {Will, Clifford M. and Wiseman, Alan G.},
  journal =      {Phys. Rev. D},
  pages =        {4813--4848},
  volume =       54,
  year =         1996,
  month =        {Oct},
  doi =          {10.1103/PhysRevD.54.4813},
  issue =        8,
  publisher =    {American Physical Society},
  url =          {http://link.aps.org/doi/10.1103/PhysRevD.54.4813}
}

@ARTICLE{Zhou_1995,
  title =        {{Spherical resonant-mass gravitational wave
                  detectors}},
  author =       {Zhou, Carl Z. and Michelson, Peter F.},
  journal =      {Phys. Rev. D},
  pages =        {2517--2545},
  volume =       51,
  year =         1995,
  month =        {Mar},
  doi =          {10.1103/PhysRevD.51.2517},
  issue =        6,
  publisher =    {American Physical Society},
  url =          {http://link.aps.org/doi/10.1103/PhysRevD.51.2517}
}

@BOOK{esaa1992,
  title =        {{Explanatory Supplement to the Astronomical Almanac}},
  editor =       {P.K. Seidelmann},
  publisher =    {University Science Books},
  year =         1992,
  address =      {Mill Valley}
}
