% Doxygen bibliography for LALInspiral

@MANUAL{GRASP2000,
  title =        {{GRASP: a data analysis package for gravitational wave
                  detection}},
  address =      {Milwaukee},
  author =       {B. Allen},
  organization = {University of Wisconsin},
  year =         2000,
  url =
                  {http://www.lsc-group.phys.uwm.edu/~ballen/grasp-distribution}
}

@ARTICLE{TAA96,
  title =        {{Search templates for gravitational waves from
                  precessing, inspiraling binaries}},
  author =       {Apostolatos, Theocharis A.},
  journal =      {Phys. Rev. D},
  pages =        {605--620},
  volume =       52,
  year =         1995,
  month =        {Jul},
  doi =          {10.1103/PhysRevD.52.605},
  issue =        2,
  publisher =    {American Physical Society},
  url =          {http://link.aps.org/doi/10.1103/PhysRevD.52.605}
}

@ARTICLE{ACST94,
  title =        {{Spin-induced orbital precession and its modulation of
                  the gravitational waveforms from merging binaries}},
  author =       {Apostolatos, Theocharis A. and Cutler, Curt and
                  Sussman, Gerald J. and Thorne, Kip S.},
  journal =      {Phys. Rev. D},
  pages =        {6274--6297},
  volume =       49,
  year =         1994,
  month =        {Jun},
  doi =          {10.1103/PhysRevD.49.6274},
  issue =        12,
  publisher =    {American Physical Society},
  url =          {http://link.aps.org/doi/10.1103/PhysRevD.49.6274}
}

@ARTICLE{EBertiEtAl06,
  title =        {{Gravitational-wave spectroscopy of massive black
                  holes with the space interferometer LISA}},
  author =       {Berti, Emanuele and Cardoso, Vitor and Will, Clifford
                  M.},
  journal =      {Phys. Rev. D},
  pages =        064030,
  volume =       73,
  year =         2006,
  month =        {Mar},
  doi =          {10.1103/PhysRevD.73.064030},
  issue =        6,
  numpages =     41,
  publisher =    {American Physical Society},
  url =          {http://link.aps.org/doi/10.1103/PhysRevD.73.064030}
}

@ARTICLE{BDIWW1995,
  title =        {{Gravitational-Radiation Damping of Compact Binary
                  Systems to Second Post-Newtonian Order}},
  author =       {Blanchet, Luc and Damour, Thibault and Iyer, Bala
                  R. and Will, Clifford M. and Wiseman, Alan G.},
  journal =      {Phys. Rev. Lett.},
  pages =        {3515--3518},
  volume =       74,
  year =         1995,
  month =        {May},
  doi =          {10.1103/PhysRevLett.74.3515},
  issue =        18,
  publisher =    {American Physical Society},
  url =          {http://link.aps.org/doi/10.1103/PhysRevLett.74.3515}
}

@ARTICLE{BIWW1996,
  title =        {{Gravitational waveforms from inspiralling compact
                  binaries to second-post-Newtonian order}},
  author =       {Luc Blanchet and Bala R Iyer and Clifford M Will and
                  Alan G Wiseman},
  journal =      {Classical and Quantum Gravity},
  pages =        575,
  volume =       13,
  year =         1996,
  number =       4,
  url =          {http://stacks.iop.org/0264-9381/13/i=4/a=002}
}

@ARTICLE{BCV03,
  title =        {{Detection template families for gravitational waves
                  from the final stages of binary--black-hole inspirals:
                  Nonspinning case}},
  author =       {Buonanno, Alessandra and Chen, Yanbei and Vallisneri,
                  Michele},
  journal =      {Phys. Rev. D},
  pages =        024016,
  volume =       67,
  year =         2003,
  month =        {Jan},
  doi =          {10.1103/PhysRevD.67.024016},
  issue =        2,
  numpages =     50,
  publisher =    {American Physical Society},
  url =          {http://link.aps.org/doi/10.1103/PhysRevD.67.024016}
}

@ARTICLE{BCV03b,
  title =        {{Detecting gravitational waves from precessing
                  binaries of spinning compact objects: Adiabatic
                  limit}},
  author =       {Buonanno, Alessandra and Chen, Yanbei and Vallisneri,
                  Michele},
  journal =      {Phys. Rev. D},
  pages =        104025,
  volume =       67,
  year =         2003,
  month =        {May},
  doi =          {10.1103/PhysRevD.67.104025},
  issue =        10,
  numpages =     31,
  publisher =    {American Physical Society},
  url =          {http://link.aps.org/doi/10.1103/PhysRevD.67.104025}
}

@ARTICLE{BD00,
  title =        {{Transition from inspiral to plunge in binary black
                  hole coalescences}},
  author =       {Buonanno, Alessandra and Damour, Thibault},
  journal =      {Phys. Rev. D},
  pages =        064015,
  volume =       62,
  year =         2000,
  month =        {Aug},
  doi =          {10.1103/PhysRevD.62.064015},
  issue =        6,
  numpages =     24,
  publisher =    {American Physical Society},
  url =          {http://link.aps.org/doi/10.1103/PhysRevD.62.064015}
}

@ARTICLE{BD99,
  title =        {{Effective one-body approach to general relativistic
                  two-body dynamics}},
  author =       {Buonanno, A. and Damour, T.},
  journal =      {Phys. Rev. D},
  pages =        084006,
  volume =       59,
  year =         1999,
  month =        {Mar},
  doi =          {10.1103/PhysRevD.59.084006},
  issue =        8,
  numpages =     24,
  publisher =    {American Physical Society},
  url =          {http://link.aps.org/doi/10.1103/PhysRevD.59.084006}
}

@ARTICLE{JDECreighton99,
  title =        {{Search techniques for gravitational waves from
                  black-hole ringdowns}},
  author =       {Creighton, Jolien D. E.},
  journal =      {Phys. Rev. D},
  pages =        022001,
  volume =       60,
  year =         1999,
  month =        {Jun},
  doi =          {10.1103/PhysRevD.60.022001},
  issue =        2,
  numpages =     9,
  publisher =    {American Physical Society},
  url =          {http://link.aps.org/doi/10.1103/PhysRevD.60.022001}
}

@ARTICLE{TD02,
  title =        {{Coalescence of two spinning black holes: An effective
                  one-body approach}},
  author =       {Damour, Thibault},
  journal =      {Phys. Rev. D},
  pages =        124013,
  volume =       64,
  year =         2001,
  month =        {Nov},
  doi =          {10.1103/PhysRevD.64.124013},
  issue =        12,
  numpages =     22,
  publisher =    {American Physical Society},
  url =          {http://link.aps.org/doi/10.1103/PhysRevD.64.124013}
}

@ARTICLE{dis2002,
  title =        {{Comparison of search templates for gravitational
                  waves from binary inspiral: 3.5PN update}},
  author =       {Damour, Thibault and Iyer, Bala R. and Sathyaprakash,
                  B. S.},
  journal =      {Phys. Rev. D},
  pages =        027502,
  volume =       66,
  year =         2002,
  month =        {Jul},
  doi =          {10.1103/PhysRevD.66.027502},
  issue =        2,
  numpages =     3,
  publisher =    {American Physical Society},
  url =          {http://link.aps.org/doi/10.1103/PhysRevD.66.027502}
}

@ARTICLE{dis2001,
  title =        {{Comparison of search templates for gravitational
                  waves from binary inspiral}},
  author =       {Damour, Thibault and Iyer, Bala R. and Sathyaprakash,
                  B. S.},
  journal =      {Phys. Rev. D},
  pages =        044023,
  volume =       63,
  year =         2001,
  month =        {Jan},
  doi =          {10.1103/PhysRevD.63.044023},
  issue =        4,
  numpages =     14,
  publisher =    {American Physical Society},
  url =          {http://link.aps.org/doi/10.1103/PhysRevD.63.044023}
}

@ARTICLE{dis1998,
  title =        {{Improved filters for gravitational waves from
                  inspiraling compact binaries}},
  author =       {Damour, Thibault and Iyer, Bala R. and Sathyaprakash,
                  B. S.},
  journal =      {Phys. Rev. D},
  pages =        {885--907},
  volume =       57,
  year =         1998,
  month =        {Jan},
  doi =          {10.1103/PhysRevD.57.885},
  issue =        2,
  publisher =    {American Physical Society},
  url =          {http://link.aps.org/doi/10.1103/PhysRevD.57.885}
}

@ARTICLE{DJS00,
  title =        {{Determination of the last stable orbit for circular
                  general relativistic binaries at the third
                  post-Newtonian approximation}},
  author =       {Damour, Thibault and Jaranowski, Piotr and Sch\"afer,
                  Gerhard},
  journal =      {Phys. Rev. D},
  pages =        084011,
  volume =       62,
  year =         2000,
  month =        {Sep},
  doi =          {10.1103/PhysRevD.62.084011},
  issue =        8,
  numpages =     21,
  publisher =    {American Physical Society},
  url =          {http://link.aps.org/doi/10.1103/PhysRevD.62.084011}
}

@ARTICLE{FEcheverria89,
  title =        {{Gravitational-wave measurements of the mass and
                  angular momentum of a black hole}},
  author =       {Echeverria, Fernando},
  journal =      {Phys. Rev. D},
  pages =        {3194--3203},
  volume =       40,
  year =         1989,
  month =        {Nov},
  doi =          {10.1103/PhysRevD.40.3194},
  issue =        10,
  publisher =    {American Physical Society},
  url =          {http://link.aps.org/doi/10.1103/PhysRevD.40.3194}
}

@ARTICLE{EWLeaver85,
  title =        {{An Analytic Representation for the Quasi-Normal Modes
                  of Kerr Black Holes}},
  author =       {Leaver, E. W.},
  journal =      {Proceedings of the Royal Society of
                  London. A. Mathematical and Physical Sciences},
  pages =        {285-298},
  volume =       402,
  year =         1985,
  number =       1823,
  doi =          {10.1098/rspa.1985.0119},
  eprint =
                  {http://rspa.royalsocietypublishing.org/content/402/1823/285.full.pdf+html},
  url =
                  {http://rspa.royalsocietypublishing.org/content/402/1823/285.abstract}
}

@ARTICLE{Owen_96,
  title =        {{Search templates for gravitational waves from
                  inspiraling binaries: Choice of template spacing}},
  author =       {Owen, Benjamin J.},
  journal =      {Phys. Rev. D},
  pages =        {6749--6761},
  volume =       53,
  year =         1996,
  month =        {Jun},
  doi =          {10.1103/PhysRevD.53.6749},
  issue =        12,
  publisher =    {American Physical Society},
  url =          {http://link.aps.org/doi/10.1103/PhysRevD.53.6749}
}

@ARTICLE{OwenAndSathyaprakash99,
  title =        {{Matched filtering of gravitational waves from
                  inspiraling compact binaries: Computational cost and
                  template placement}},
  author =       {Owen, Benjamin J. and Sathyaprakash, B. S.},
  journal =      {Phys. Rev. D},
  pages =        022002,
  volume =       60,
  year =         1999,
  month =        {Jun},
  doi =          {10.1103/PhysRevD.60.022002},
  issue =        2,
  numpages =     12,
  publisher =    {American Physical Society},
  url =          {http://link.aps.org/doi/10.1103/PhysRevD.60.022002}
}

@ARTICLE{Sathyaprakash1994,
  title =        {{Filtering post-Newtonian gravitational waves from
                  coalescing binaries}},
  author =       {Sathyaprakash, B. S.},
  journal =      {Phys. Rev. D},
  pages =        {R7111--R7115},
  volume =       50,
  year =         1994,
  month =        {Dec},
  doi =          {10.1103/PhysRevD.50.R7111},
  issue =        12,
  publisher =    {American Physical Society},
  url =          {http://link.aps.org/doi/10.1103/PhysRevD.50.R7111}
}

@ARTICLE{SathyaprakashDhurandhar1991,
  title =        {{Choice of filters for the detection of gravitational
                  waves from coalescing binaries}},
  author =       {Sathyaprakash, B. S. and Dhurandhar, S. V.},
  journal =      {Phys. Rev. D},
  pages =        {3819--3834},
  volume =       44,
  year =         1991,
  month =        {Dec},
  doi =          {10.1103/PhysRevD.44.3819},
  issue =        12,
  publisher =    {American Physical Society},
  url =          {http://link.aps.org/doi/10.1103/PhysRevD.44.3819}
}

@BOOK{WeinZub62,
  title =        {{Extraction of Signals from Noise}},
  author =       {L.A. Weinstein and V.D. Zubakov},
  publisher =    {Prentice-Hall},
  year =         1962,
  address =      {Englewood Cliffs, NJ}
}

@ARTICLE{Will_C_1996,
  title =        {{Gravitational radiation from compact binary systems:
                  Gravitational waveforms and energy loss to second
                  post-Newtonian order}},
  author =       {Will, Clifford M. and Wiseman, Alan G.},
  journal =      {Phys. Rev. D},
  pages =        {4813--4848},
  volume =       54,
  year =         1996,
  month =        {Oct},
  doi =          {10.1103/PhysRevD.54.4813},
  issue =        8,
  publisher =    {American Physical Society},
  url =          {http://link.aps.org/doi/10.1103/PhysRevD.54.4813}
}
