% Doxygen bibliography for LALApps

@ARTICLE{DupuisWoan2005,
  title =        {{Bayesian estimation of pulsar parameters from
                  gravitational wave data}},
  author =       {{Dupuis}, R. J. and {Woan}, G.},
  journal =      {Phys. Rev. D},
  pages =        102002,
  volume =       72,
  year =         2005,
  eid =          102002,
  month =        nov,
  number =       10,
  adsnote =      {Provided by the SAO/NASA Astrophysics Data System},
  doi =          {10.1103/PhysRevD.72.102002},
  eprint =       {arXiv:gr-qc/0508096},
  keywords =     {Gravitational wave detectors and experiments,
                  Probability theory, stochastic processes, and
                  statistics},
  url =          {http://adsabs.harvard.edu/abs/2005PhRvD..72j2002D}
}

@ARTICLE{JKS98,
  title =        {{Data analysis of gravitational-wave signals from
                  spinning neutron stars: The signal and its detection}},
  author =       {Jaranowski, Piotr and Kr\'olak, Andrzej and Schutz,
                  Bernard F.},
  journal =      {Phys. Rev. D},
  pages =        063001,
  volume =       58,
  year =         1998,
  month =        {Aug},
  doi =          {10.1103/PhysRevD.58.063001},
  issue =        6,
  numpages =     24,
  publisher =    {American Physical Society},
  url =          {http://link.aps.org/doi/10.1103/PhysRevD.58.063001}
}

@ARTICLE{Jones2010,
  title =        {{Gravitational wave emission from rotating superfluid
                  neutron stars}},
  author =       {{Jones}, D. I.},
  journal =      {Mon. Not. R. Astron. Soc.},
  pages =        {2503-2519},
  volume =       402,
  year =         2010,
  month =        mar,
  adsnote =      {Provided by the SAO/NASA Astrophysics Data System},
  archiveprefix ={arXiv},
  doi =          {10.1111/j.1365-2966.2009.16059.x},
  eprint =       {0909.4035},
  keywords =     {gravitational waves, stellar dynamics, stars: neutron,
                  pulsars: general, stars: rotation},
  primaryclass = {astro-ph.SR},
  url =          {http://adsabs.harvard.edu/abs/2010MNRAS.402.2503J}
}

@ARTICLE{Nishizawa2009,
  title =        {{Probing nontensorial polarizations of stochastic
                  gravitational-wave backgrounds with ground-based laser
                  interferometers}},
  author =       {Nishizawa, Atsushi and Taruya, Atsushi and Hayama,
                  Kazuhiro and Kawamura, Seiji and Sakagami, Masa-aki},
  journal =      {Phys. Rev. D},
  pages =        082002,
  volume =       79,
  year =         2009,
  month =        {Apr},
  doi =          {10.1103/PhysRevD.79.082002},
  issue =        8,
  numpages =     18,
  publisher =    {American Physical Society},
  url =          {http://link.aps.org/doi/10.1103/PhysRevD.79.082002}
}

@ARTICLE{Scargle1998,
  title =        {{Studies in Astronomical Time Series
                  Analysis. V. Bayesian Blocks, a New Method to Analyze
                  Structure in Photon Counting Data}},
  author =       {{Scargle}, J. D.},
  journal =      {Astrophys. J.},
  pages =        405,
  volume =       504,
  year =         1998,
  month =        sep,
  adsnote =      {Provided by the SAO/NASA Astrophysics Data System},
  doi =          {10.1086/306064},
  eprint =       {arXiv:astro-ph/9711233},
  keywords =     {METHODS: DATA ANALYSIS, GAMMA RAYS: BURSTS, METHODS:
                  NUMERICAL, METHODS: STATISTICAL},
  url =          {http://adsabs.harvard.edu/abs/1998ApJ...504..405S}
}

@ARTICLE{Skilling2006,
  title =        {{Nested sampling for general Bayesian computation}},
  author =       {John Skilling},
  journal =      {Bayesian Analysis},
  pages =        833,
  volume =       1,
  year =         2006,
  number =       4,
  doi =          {10.1214/06-BA127}
}

@ARTICLE{VeitchVecchio2010,
  title =        {{Bayesian coherent analysis of in-spiral gravitational
                  wave signals with a detector network}},
  author =       {{Veitch}, J. and {Vecchio}, A.},
  journal =      {Phys. Rev. D},
  pages =        062003,
  volume =       81,
  year =         2010,
  eid =          062003,
  month =        mar,
  number =       6,
  adsnote =      {Provided by the SAO/NASA Astrophysics Data System},
  archiveprefix ={arXiv},
  doi =          {10.1103/PhysRevD.81.062003},
  eprint =       {0911.3820},
  keywords =     {Gravitational wave detectors and experiments, General
                  statistical methods, Applications of Monte Carlo
                  methods},
  primaryclass = {astro-ph.CO},
  url =          {http://adsabs.harvard.edu/abs/2010PhRvD..81f2003V}
}

@BOOK{Press:1992,
  author =       {William H. Press and Saul A. Teukolsky and William
                  T. Vetterling and Brian P. Flannery},
  title =        {{Numerical Recipes in C: the art of scientific
                  computing}},
  edition =      2,
  publisher =    {Cambridge University Press},
  address =      {Cambridge, England},
  year =         1992
}

@ARTICLE{Einstein:1905,
  author =       {Albert Einstein},
  title =        {On the electrodynamics of moving bodies},
  journal =      {Annalen der Physik},
  volume =       17,
  pages =        {891--921},
  year =         1905
}

@ARTICLE{Anderson:2000yy,
  author =       {Anderson, Warren G. and Brady, Patrick R. and
                  Creighton, Jolien D. E. and Flanagan, Eanna E.},
  title =        {{An excess power statistic for detection of burst
                  sources of gravitational radiation}},
  journal =      {Phys. Rev. D},
  volume =       63,
  year =         2001,
  pages =        042003,
  eprint =       {gr-qc/0008066},
}

@ARTICLE{squarebank,
  author =       {S. Babak and R. Balasubramanian and D. Churches and
                  T. Cokelaer and B. S. Sathyaprakash},
  journal =      {Class. Quantum Grav.},
  year =         2006,
  volume =       23,
  pages =        5477,
}

@ARTICLE{hexabank,
  author =       {T. Cokelaer},
  title =        {{Gravitational Wave Detections of Inspiralling Compact
                  Binaries: Hexagonal Template Placement and Physical
                  Template Families}},
  journal =      {Phys. Review D},
  year =         2007,
  volume =       76,
  pages =        10
}

@ARTICLE{bcvbank,
  author =       {T.Cokelaer},
  title =        {{A template bank to search for gravitational waves
                  from inspiralling compact binaries:
                  II. Phenomenological model}},
  journal =      {Class. Quantum Grav.},
  year =         2007,
  volume =       24,
  pages =        6227
}

@PHDTHESIS{RoeverThesis2007,
  author =       {R\"{o}ver, C.},
  school =       {The University of Auckland},
  year =         2007,
  url =          {http://hdl.handle.net/2292/2356}
}

@ARTICLE{anderson2001,
  author =       {Warren G. Anderson and Patrick R. Brady and Jolien
                  D. E. Creighton and \'{E}anna \'{E}. Flanagan},
  title =        {{Excess Power Statistic for Detection of Burst Sources
                  of Gravitational Radiation}},
  journal =      {Physical Review D},
  year =         2001,
  month =        {February},
  volume =       63,
  number =       4,
  pages =        042003,
  doi =          {10.1103/PhysRevD.63.042003},
  eprint =       {arXiv:gr-qc/0008066},
}

@ARTICLE{isaacson1968,
  author =       {Richard A. Isaacson},
  title =        {{Gravitational Radiation in the Limit of High
                  Freqeuncy.  {II}.  Nonlinear Terms and the Effective
                  Stress Tensor.}},
  journal =      {Physical Review},
  year =         1968,
  month =        {February},
  volume =       166,
  number =       5,
  pages =        {1272--1280},
  publisher =    {American Physical Society},
  doi =          {10.1103/PhysRev.166.1272}
}

@ARTICLE{Jones:2015,
  author =       {{Jones}, D.~I.},
  title =        {{Parameter choices and ranges for continuous
                  gravitational wave searches for steadily spinning
                  neutron stars}},
  journal =      {arXiv:1501.05832},
  year =         2015,
  month =        jan,
  adsurl =       {http://adsabs.harvard.edu/abs/2015arXiv150105832J},
  eprint =       {arXiv:1501.05832}
}

@Article{Dhurandhar2007,
     author    = "Dhurandhar, Sanjeev and Krishnan, Badri and Mukhopadhyay,
                  Himan and Whelan, John T.",
     title     = "{Cross-correlation search for periodic gravitational waves}",
     journal   = "Physical Review D",
     volume    = "77",
     year      = "2008",
     pages     = "082001",
     eprint    = "0712.1578",
     archivePrefix = "arXiv",
     doi       = "10.1103/PhysRevD.77.082001",
}

@ARTICLE{Whelan2015,
    author = {{Whelan}, John~T. and {Sundaresan}, Santosh
              and {Zhang}, Yuanhao and {Peiris}, Prabath},
    title = "{Model-based cross-correlation search for
  gravitational waves from Scorpius X-1}",
      eprint         = "1504.05890",
      archivePrefix  = "arXiv",
      journal        = "Physical Review D",
      volume         = "91",
      pages          = "102005",
      doi            = "10.1103/PhysRevD.91.102005",
      year           = "2015",
}


@Misc{T0900149-v5,
     author = "Prix, Reinhard",
     title = "{The $\mathcal{F}$-statistic and its implementation in \texttt{ComputeFstatistic\_v2}}",
     howpublished = "LIGO Technical Document LIGO-T0900149-v5",
     url = "https://dcc.ligo.org/LIGO-T0900149-v5/public",
     year      = "2011",
}
