% Doxygen bibliography for LALBurst

@ARTICLE{ab1999,
  title =        {{Time-frequency detection of gravitational waves}},
  author =       {{Anderson}, W. G. and {Balasubramanian}, R.},
  journal =      {Phys. Rev. D},
  pages =        102001,
  volume =       60,
  year =         1999,
  eid =          102001,
  month =        nov,
  number =       10,
  adsnote =      {Provided by the SAO/NASA Astrophysics Data System},
  doi =          {10.1103/PhysRevD.60.102001},
  eprint =       {arXiv:gr-qc/9905023},
  keywords =     {Gravitational wave detectors and experiments, Data
                  analysis: algorithms and implementation; data
                  management, Image processing},
  url =          {http://adsabs.harvard.edu/abs/1999PhRvD..60j2001A}
}

@ARTICLE{ABCF2001,
  title =        {{Excess power statistic for detection of burst sources
                  of gravitational radiation}},
  author =       {{Anderson}, W. G. and {Brady}, P. R. and {Creighton},
                  J. D. and {Flanagan}, {\'E}. {\'E}.},
  journal =      {Phys. Rev. D},
  pages =        042003,
  volume =       63,
  year =         2001,
  eid =          042003,
  month =        feb,
  number =       4,
  adsnote =      {Provided by the SAO/NASA Astrophysics Data System},
  doi =          {10.1103/PhysRevD.63.042003},
  eprint =       {arXiv:gr-qc/0008066},
  keywords =     {Gravitational wave detectors and experiments, Data
                  analysis: algorithms and implementation; data
                  management, Gravitational radiation detectors; mass
                  spectrometers; and other instrumentation and
                  techniques},
  url =          {http://adsabs.harvard.edu/abs/2001PhRvD..63d2003A}
}

@BOOK{flandrin99_tf_tsP,
  author =       {Patrick Flandrin},
  title =        {{Time-Frequency/Time-Scale Analysis, Volume 10
                  (Wavelet Analysis and Its Applications)}},
  publisher =    {Academic Press},
  year =         1999,
  address =      {San Diego}
}

@ARTICLE{acdhp1999,
  title =        {{Triggers for the Detection of Gravitational Wave
                  Bursts}},
  author =       {{Arnaud}, N. and {Cavalier}, F. and {Davier}, M. and
                  {Hello}, P. and {Pradier}, T.},
  journal =      {ArXiv General Relativity and Quantum Cosmology
                  e-prints},
  year =         1999,
  month =        mar,
  adsnote =      {Provided by the SAO/NASA Astrophysics Data System},
  eprint =       {arXiv:gr-qc/9903035},
  keywords =     {General Relativity and Quantum Cosmology},
  url =          {http://adsabs.harvard.edu/abs/1999gr.qc.....3035A}
}

@MANUAL{tftb,
  title =        {{Time-frequency toolbox for Matlab, user's guide and
                  reference guide}},
  author =       {F. Auger and P. Flandrin and P. Gon\c{c}alv\`ees and
                  O. Lemoine},
  url =
                  {http://iut-saint-nazaire.univ-nantes.fr/~auger/tftb.html}
}

@ARTICLE{fh1998,
  title =        {{Measuring gravitational waves from binary black hole
                  coalescences. I. Signal to noise for inspiral, merger,
                  and ringdown}},
  author =       {Flanagan, \'Eanna \'E. and Hughes, Scott A.},
  journal =      {Phys. Rev. D},
  pages =        {4535--4565},
  volume =       57,
  year =         1998,
  month =        {Apr},
  doi =          {10.1103/PhysRevD.57.4535},
  issue =        8,
  publisher =    {American Physical Society},
  url =          {http://link.aps.org/doi/10.1103/PhysRevD.57.4535}
}

@INPROCEEDINGS{Sintes2000,
  title =        {{Removing Line Interference from Gravitational Wave
                  Interferometer Data}},
  author =       {A. M. Sintes and B. F. Schutz},
  booktitle =    {{Gravitational Wave Detection II}},
  year =         2000,
  address =      {Tokyo},
  editor =       {S. Kawamura and N. Mio},
  number =       32,
  pages =        273,
  publisher =    {Universal Academy Press, Inc},
  series =       {Frontiers Science Series}
}

@ARTICLE{Sintes1998,
  title =        {{Coherent line removal: Filtering out harmonically
                  related line interference from experimental data, with
                  application to gravitational wave detectors}},
  author =       {Sintes, Alicia M. and Schutz, Bernard F.},
  journal =      {Phys. Rev. D},
  pages =        122003,
  volume =       58,
  year =         1998,
  month =        {Nov},
  doi =          {10.1103/PhysRevD.58.122003},
  issue =        12,
  numpages =     10,
  publisher =    {American Physical Society},
  url =          {http://link.aps.org/doi/10.1103/PhysRevD.58.122003}
}
