% Doxygen bibliography for LALInference

@ARTICLE{FGHKT2014,
  title =        {{Fast Prediction and Evaluation of Gravitational
                  Waveforms Using Surrogate Models}},
  author =       {{Field}, S.~E. and {Galley}, C.~R. and {Hesthaven},
                  J.~S. and {Kaye}, J. and {Tiglio}, M.},
  journal =      {Physical Review X},
  pages =        031006,
  volume =       4,
  year =         2014,
  eid =          031006,
  month =        jul,
  number =       3,
  adsnote =      {Provided by the SAO/NASA Astrophysics Data System},
  adsurl =       {http://adsabs.harvard.edu/abs/2014PhRvX...4c1006F},
  archiveprefix ={arXiv},
  doi =          {10.1103/PhysRevX.4.031006},
  eprint =       {1308.3565},
  keywords =     {Gravitational waves: theory, Numerical studies of
                  black holes and black-hole binaries, Numerical
                  approximation and analysis},
  primaryclass = {gr-qc}
}
