Search and replace in ADS entries  "Classical and Quantum Gravity" with "Class. Quant. Grav."
ArXiv-only enties from ADS tend to be displayed strangely
Remove "-+" from ADS


@ARTICLE{S3S4insprialsearch,
   author = {{The LIGO Scientific Collaboration: Abbott}, B.},
    title = {Search for gravitational waves from binary inspirals in {S3} and {S4} {LIGO} data},
  journal = {Phys. Rev. D},
   volume = {77},
    pages = {062002},
     year = {2008}
}

@ARTICLE{S3spinningsearch,
   author = {{The LIGO Scientific Collaboration: Abbott}, B.},
    title = "{Search of S3 LIGO data for gravitational wave signals from spinning black hole and neutron star binary inspirals}",
  journal = {Phys. Rev. D},
     year = 2008,
    month = aug,
   volume = 78,
   number = 4,
    pages = {042002},
      doi = {10.1103/PhysRevD.78.042002},
 keywords = {General Relativity and Quantum Cosmology},
   adsurl = {http://adsabs.harvard.edu/abs/2007arXiv0712.2050T},
  adsnote = {Provided by the SAO/NASA Astrophysics Data System}
}
%   eprint = {0712.2050},


@ARTICLE{1992Sci...256..325A,
   author = {{Abramovici \textit{et al.}}, A.},
    title = "{LIGO - The Laser Interferometer Gravitational-Wave Observatory}",
  journal = {Science},
 keywords = {GRAVITATIONAL WAVES, LASER INTERFEROMETRY, ASTRONOMICAL OBSERVATORIES, INTERFEROMETERS},
     year = 1992,
    month = apr,
   volume = 256,
    pages = {325-333},
   adsurl = {http://adsabs.harvard.edu/abs/1992Sci...256..325A},
  adsnote = {Provided by the SAO/NASA Astrophysics Data System}
}
   author = {{Abramovici}, A. {\textit{et al.}}},

@article{statusofvirgo2007,
  author={{Acernese \textit{et al.}}, F.},
  title={Status of Virgo detector},
  journal={Class. Quant. Grav.},
  volume={24},
  number={19},
  pages={S381-S388},
  year={2007}
}
  author={{Acernese}, F. {\textit{et al.}}},

@ARTICLE{2007OptLE..45..478A,
   author = {{Acernese \textit{et al.}}, F.},
    title = "{The Virgo interferometric gravitational antenna}",
  journal = {Optics and Lasers in Engineering},
     year = 2007,
    month = apr,
   volume = 45,
    pages = {478-487},
      doi = {10.1016/j.optlaseng.2006.04.010},
   adsurl = {http://adsabs.harvard.edu/abs/2007OptLE..45..478A},
  adsnote = {Provided by the SAO/NASA Astrophysics Data System}
}
   author = {{Acernese}, F. {\textit{et al.}}},

@ARTICLE{1994PhRvD..49.6274A,
   author = {{Apostolatos}, T.~A. and {Cutler}, C. and {Sussman}, G.~J. and {Thorne}, K.~S.},
    title = "{Spin-induced orbital precession and its modulation of the gravitational waveforms from merging binaries}",
  journal = {Phys. Rev. D},
     year = 1994,
    month = jun,
   volume = 49,
    pages = {6274-6297},
   adsurl = {http://esoads.eso.org/abs/1994PhRvD..49.6274A},
  adsnote = {Provided by the SAO/NASA Astrophysics Data System}
}

@ARTICLE{atchade_rosenthal_2005,
   author = {{Atchad\'{e}}, Y.~F. and {Rosenthal}, J.~S.},
    title = "{On adaptive Markov chain Monte Carlo algorithms}",
  journal = {Bernoulli},
     year = 2005,
   volume = 11,
   number = 5,
    pages = {815-828},
}

@ARTICLE{1999PhT....52j..44B,
   author = {{Barish}, B.~C. and {Weiss}, R.},
    title = "{LIGO and the detection of gravitational waves.}",
  journal = {Physics Today},
 keywords = {Gravity Waves: Detectors},
     year = 1999,
   volume = 52,
    pages = {44-50},
   adsurl = {http://adsabs.harvard.edu/abs/1999PhT....52j..44B},
  adsnote = {Provided by the SAO/NASA Astrophysics Data System}
}

@ARTICLE{2008ApJ...682..474B,
   author = {{Belczynski}, K. and {Taam}, R.~E. and {Rantsiou}, E. and {van der Sluys}, M.},
    title = "{Black Hole Spin Evolution: Implications for Short-Hard Gamma-Ray Bursts and Gravitational Wave Detection}",
  journal = {ApJ},
 keywords = {Stars: Binaries: Close, Black Hole Physics, Gamma Rays: Bursts, Gravitational Waves},
     year = 2008,
    month = jul,
   volume = 682,
    pages = {474-486},
      doi = {10.1086/589609},
   adsurl = {http://esoads.eso.org/abs/2008ApJ...682..474B},
  adsnote = {Provided by the SAO/NASA Astrophysics Data System}  
}

@article{lrr-2006-4,
  title    = {Gravitational Radiation from Post-Newtonian Sources and Inspiralling Compact Binaries},
  author   = {Luc Blanchet},
  journal  = {Living Reviews in Relativity},
  year     = {2006},
  number   = {4},
  volume   = {9},
  keywords = {gravitational radiation, post-Newtonian approximation, multipolar expansion, inspiralling compact binary},
  url      = {http://www.livingreviews.org/lrr-2006-4}
}

@ARTICLE{2004CQGra..21S.797B,
   author = {{Brown}, D.~A. and {the LIGO Scientific Collaboration}},
    title = "{Testing the LIGO inspiral analysis with hardware injections}",
  journal = {Class. Quant. Grav.},
     year = 2004,
    month = mar,
   volume = 21,
    pages = {797},
   adsurl = {http://adsabs.harvard.edu/abs/2004CQGra..21S.797B},
  adsnote = {Provided by the SAO/NASA Astrophysics Data System}
}

@ARTICLE{2003PhRvD..67j4025B,
   author = {{Buonanno}, A. and {Chen}, Y. and {Vallisneri}, M.},
    title = "{Detecting gravitational waves from precessing binaries of spinning compact objects: Adiabatic limit}",
  journal = {Phys. Rev. D},
     year = 2003,
    month = may,
   volume = 67,
   number = 10,
    pages = {104025},
   adsurl = {http://adsabs.harvard.edu/abs/2003PhRvD..67j4025B},
  adsnote = {Provided by the SAO/NASA Astrophysics Data System}
}

@misc{FrameLibrary,
    title = {Frame library ({F}r)},
      url = {http://lappweb.in2p3.fr/virgo/FrameL}
}

@book{gilks_etal_1996,
   author = {{Gilks}, W.~R. and {Richardson}, S. and {Spiegelhalter}, D.~J.},
    title = "{Markov chain Monte Carlo in practice}",
publisher = {London/Boca Raton, Fl.: Chapman \& Hall/CRC},
     year = 1996
}

@ARTICLE{2008CQGra..25r4006G,
   author = {{Gouaty R for the LIGO Scientific Collaboration}},
    title = "{Detection confidence tests for burst and inspiral candidate events}",
  journal = {Class. Quant. Grav.},
archivePrefix = "arXiv",
     year = 2008,
    month = sep,
   volume = 25,
   number = 18,
    pages = {184006},
      doi = {10.1088/0264-9381/25/18/184006},
   adsurl = {http://adsabs.harvard.edu/abs/2008CQGra..25r4006G},
  adsnote = {Provided by the SAO/NASA Astrophysics Data System}
}
%   eprint = {0805.2412},

@unpublished{LAL,
   author = {{LIGO Scientific Collaboration}},
   title  = {{The LSC Algorithm Library}},
   year   = 2007,
   month  = feb,
     url  = {https://www.lsc-group.phys.uwm.edu/daswg/projects/lal.html}
}
%   note = {LSC Data Analysis Software Working Groups}

@ARTICLE{2009arXiv0905.0020L,
   author = {{LIGO Scientific Collaboration: B.~P.~Abbott}},
    title = "{Search for gravitational-wave bursts in the first year of the fifth LIGO science run}",
  journal = {ArXiv e-prints},
archivePrefix = "arXiv",
   eprint = {0905.0020},
 keywords = {General Relativity and Quantum Cosmology},
     year = 2009,
    month = apr,
   adsurl = {http://adsabs.harvard.edu/abs/2009arXiv0905.0020L},
  adsnote = {Provided by the SAO/NASA Astrophysics Data System}
}


@ARTICLE{2008arXiv0812.4302R,
   author = {{Raymond}, V. and {van der Sluys}, M.~V. and {Mandel}, I. and 
	{Kalogera}, V. and {Roever}, C. and {Christensen}, N.},
    title = "{Degeneracies in Sky Localisation Determination from a Spinning Coalescing Binary through Gravitational Wave Observations: a Markov-Chain Monte-Carlo Analysis for two Detectors}",
  journal = {Class. Quant. Grav., in press},
     year = 2009,
archivePrefix = "arXiv",
   eprint = {0812.4302},
 keywords = {General Relativity and Quantum Cosmology},
     year = 2008,
    month = dec,
   adsurl = {http://esoads.eso.org/abs/2008arXiv0812.4302R},
  adsnote = {Provided by the SAO/NASA Astrophysics Data System}
}

@ARTICLE{2007PhRvD..75f2004R,
   author = {{R{\"o}ver}, C. and {Meyer}, R. and {Christensen}, N.},
    title = "{Coherent Bayesian inference on compact binary inspirals using a network of interferometric gravitational wave detectors}",
  journal = {Phys. Rev. D},
     year = 2007,
    month = mar,
   volume = 75,
   number = 6,
    pages = {062004},
      doi = {10.1103/PhysRevD.75.062004},
   adsurl = {http://esoads.eso.org/abs/2007PhRvD..75f2004R},
  adsnote = {Provided by the SAO/NASA Astrophysics Data System}
}

@phdthesis{RoeverThesis2007,
   author = {R\"{o}ver, C.},
   school = {The University of Auckland},
   year   = 2007,
   url    = {http://hdl.handle.net/2292/2356}
}

@article{Sigg2004,
  author  = {Sigg, D.},
  title   = {Commissioning of {LIGO} detectors},
  journal = {Class. Quant. Grav.},
  year    = 2004,
  volume  = 21,
  number  = 5,
  pages   = {S409-S415},
  month   = mar
}


@ARTICLE{2006CQGra..23S..51S,
   author = {{Sigg}, D. and {the LIGO Science Collaboration}},
    title = "{Status of the LIGO detectors}",
  journal = {Class. Quant. Grav.},
     year = 2006,
    month = apr,
   volume = 23,
    pages = {51},
      doi = {10.1088/0264-9381/23/8/S07},
   adsurl = {http://adsabs.harvard.edu/abs/2006CQGra..23S..51S},
  adsnote = {Provided by the SAO/NASA Astrophysics Data System}
}


@ARTICLE{2008CQGra..25r4011V,
   author = {{van der Sluys}, M. and {Raymond}, V. and {Mandel}, I. and {R{\"o}ver}, C. and 
	{Christensen}, N. and {Kalogera}, V. and {Meyer}, R. and {Vecchio}, A.},
    title = "{Parameter estimation of spinning binary inspirals using Markov chain Monte Carlo}",
  journal = {Class. Quant. Grav.},
archivePrefix = "arXiv",
     year = 2008,
    month = sep,
   volume = 25,
   number = 18,
    pages = {184011},
      doi = {10.1088/0264-9381/25/18/184011},
   adsurl = {http://esoads.eso.org/abs/2008CQGra..25r4011V},
  adsnote = {Provided by the SAO/NASA Astrophysics Data System}
}
%   eprint = {0805.1689},

@ARTICLE{2008ApJ...688L..61V,
   author = {{van der Sluys}, M.~V. and {R{\"o}ver}, C. and {Stroeer}, A. and 
	{Raymond}, V. and {Mandel}, I. and {Christensen}, N. and {Kalogera}, V. and 
	{Meyer}, R. and {Vecchio}, A.},
    title = "{Gravitational-Wave Astronomy with Inspiral Signals of Spinning Compact-Object Binaries}",
  journal = {ApJ},
archivePrefix = "arXiv",
 keywords = {Stars: Binaries: Close, Gamma Rays: Bursts, Gravitational Waves, Relativity},
     year = 2008,
    month = dec,
   volume = 688,
    pages = {L61-L64},
      doi = {10.1086/595279},
   adsurl = {http://esoads.eso.org/abs/2008ApJ...688L..61V},
  adsnote = {Provided by the SAO/NASA Astrophysics Data System}
}
%   eprint = {0710.1897},


@ARTICLE{2009_methods_paper,
   author = {{van der Sluys}, M. and {Raymond}, V. and {Mandel}, I. and {Kalogera}, V. and {R{\"o}ver}, C. and {Christensen}, N. and {Vecchio}, A.},
     note = {\textit{In preparation}}
}
%   author = {{van der Sluys}, M. {\textit{et al.}}},
%   author = {{van der Sluys \textit{et al.}}, M.},


@article{statusofligo2006,
  author={{Waldman, S.~J. (for the LIGO Science Collaboration)}},
  title={Status of LIGO at the start of the fifth science run},
  journal={Class. Quant. Grav.},
  volume={23},
  number={19},
  pages={S653-S660},
  year={2006}
}

