% Doxygen bibliography for LALPulsar

@ARTICLE{ABCF2001,
  title =        {{Excess power statistic for detection of burst sources
                  of gravitational radiation}},
  author =       {{Anderson}, W. G. and {Brady}, P. R. and {Creighton},
                  J. D. and {Flanagan}, {\'E}. {\'E}.},
  journal =      {Phys. Rev. D},
  pages =        042003,
  volume =       63,
  year =         2001,
  eid =          042003,
  month =        feb,
  number =       4,
  adsnote =      {Provided by the SAO/NASA Astrophysics Data System},
  doi =          {10.1103/PhysRevD.63.042003},
  eprint =       {arXiv:gr-qc/0008066},
  keywords =     {Gravitational wave detectors and experiments, Data
                  analysis: algorithms and implementation; data
                  management, Gravitational radiation detectors; mass
                  spectrometers; and other instrumentation and
                  techniques},
  url =          {http://adsabs.harvard.edu/abs/2001PhRvD..63d2003A}
}

@ARTICLE{BlandfordTeukolsky1976,
  title =        {{Arrival-time analysis for a pulsar in a binary
                  system.}},
  author =       {{Blandford}, R. and {Teukolsky}, S. A.},
  journal =      {Astrophys. J.},
  pages =        {580-591},
  volume =       205,
  year =         1976,
  month =        apr,
  adsnote =      {Provided by the SAO/NASA Astrophysics Data System},
  doi =          {10.1086/154315},
  url =          {http://adsabs.harvard.edu/abs/1976ApJ...205..580B}
}

@ARTICLE{Brady_P2000,
  title =        {{Searching for periodic sources with
                  LIGO. II. Hierarchical searches}},
  author =       {Brady, Patrick R. and Creighton, Teviet},
  journal =      {Phys. Rev. D},
  pages =        082001,
  volume =       61,
  year =         2000,
  month =        {Feb},
  doi =          {10.1103/PhysRevD.61.082001},
  issue =        8,
  numpages =     20,
  publisher =    {American Physical Society},
  url =          {http://link.aps.org/doi/10.1103/PhysRevD.61.082001}
}

@ARTICLE{DamourDeruelle1985,
  title =        {{General relativistic celestial mechanics of binary
                  systems. I. The post-newtonian motion}},
  author =       {Damour, T., Deruelle, N.},
  journal =      {Annales de l'institut Henri Poincar\'e (A) Physique
                  th\'eorique},
  pages =        {107-132},
  volume =       43,
  year =         1985,
  number =       1,
  keywords =     {orbital motion; quasi-Newtonian solution; binary
                  system; first post- Newtonian approximation},
  language =     {eng},
  publisher =    {Gauthier-villars},
  url =          {http://eudml.org/doc/76291}
}

@ARTICLE{JKS98,
  title =        {{Data analysis of gravitational-wave signals from
                  spinning neutron stars: The signal and its detection}},
  author =       {Jaranowski, Piotr and Kr\'olak, Andrzej and Schutz,
                  Bernard F.},
  journal =      {Phys. Rev. D},
  pages =        063001,
  volume =       58,
  year =         1998,
  month =        {Aug},
  doi =          {10.1103/PhysRevD.58.063001},
  issue =        6,
  numpages =     24,
  publisher =    {American Physical Society},
  url =          {http://link.aps.org/doi/10.1103/PhysRevD.58.063001}
}

@ARTICLE{KPPLS2014,
  title =        {{Search for continuous gravitational waves: Improving
                  robustness versus instrumental artifacts}},
  author =       {{Keitel}, D. and {Prix}, R. and {Papa}, M.~A. and
                  {Leaci}, P. and {Siddiqi}, M.},
  journal =      {Phys.\Rev.\ D},
  pages =        064023,
  volume =       89,
  year =         2014,
  eid =          064023,
  month =        mar,
  number =       6,
  adsnote =      {Provided by the SAO/NASA Astrophysics Data System},
  archiveprefix ={arXiv},
  doi =          {10.1103/PhysRevD.89.064023},
  eprint =       {1311.5738},
  keywords =     {Gravitational-wave astrophysics, Gravitational wave
                  detectors and experiments, Gravitational radiation
                  detectors, mass spectrometers, and other
                  instrumentation and techniques, Neutron stars},
  primaryclass = {gr-qc},
  url =          {http://adsabs.harvard.edu/abs/2014PhRvD..89f4023K}
}

@ARTICLE{Keitel2015,
   author = {{Keitel}, D.},
    title = "{Robust semicoherent searches for continuous gravitational waves with noise and signal models including hours to days long transients}",
  journal = {Phys. Rev. D},
archivePrefix = "arXiv",
   eprint = {1509.02398},
 primaryClass = "gr-qc",
     year = 2016,
    month = apr,
   volume = 93,
   number = 8,
      eid = {084024},
    pages = {084024},
      doi = {10.1103/PhysRevD.93.084024},
   url = {http://adsabs.harvard.edu/abs/2016PhRvD..93h4024K},
}

@ARTICLE{ChLangeetal2001,
  title =        {{Precision timing measurements of PSR J1012+5307}},
  author =       {{Lange}, C. and {Camilo}, F. and {Wex}, N. and
                  {Kramer}, M. and {Backer}, D. C. and {Lyne}, A. G. and
                  {Doroshenko}, O.},
  journal =      {Mon. Not. R. Astron. Soc.},
  pages =        {274-282},
  volume =       326,
  year =         2001,
  month =        sep,
  adsnote =      {Provided by the SAO/NASA Astrophysics Data System},
  doi =          {10.1046/j.1365-8711.2001.04606.x},
  eprint =       {arXiv:astro-ph/0102309},
  keywords =     {GRAVITATION, RELATIVITY, TIME, BINARIES: GENERAL,
                  PULSARS: GENERAL, PULSARS: INDIVIDUAL: J1012+5307},
  url =          {http://adsabs.harvard.edu/abs/2001MNRAS.326..274L}
}

@INPROCEEDINGS{Papa2001,
  title =        {{Searching for continuous gravitational wave signals:
                  the hierarchical Hough transform algorithm}},
  author =       {M.A. Papa and B.F. Schutz and A.M. Sintes},
  booktitle =    {{Gravitational waves: A challenge to theoretical
                  astrophysics}},
  year =         2001,
  address =      {Italy},
  editor =       {V. Ferrari and J.C. Miller and L. Rezzolla},
  pages =        431,
  series =       {ICTP Lecture Notes Series},
  volume =       3,
  url =          {http://arxiv.org/abs/gr-qc/0011034}
}

@ARTICLE{Prix07,
  title =        {{Search for continuous gravitational waves: Metric of
                  the multidetector F-statistic}},
  author =       {{Prix}, R.},
  journal =      {Phys. Rev. D},
  pages =        023004,
  volume =       75,
  year =         2007,
  eid =          023004,
  month =        jan,
  number =       2,
  adsnote =      {Provided by the SAO/NASA Astrophysics Data System},
  doi =          {10.1103/PhysRevD.75.023004},
  eprint =       {arXiv:gr-qc/0606088},
  keywords =     {Mathematical procedures and computer techniques,
                  Gravitational wave detectors and experiments,
                  Gravitational radiation detectors; mass spectrometers;
                  and other instrumentation and techniques, Neutron
                  stars},
  url =          {http://adsabs.harvard.edu/abs/2007PhRvD..75b3004P}
}

@INPROCEEDINGS{Schutz1999,
  title =        {{End-to-end algorithm for hierarchical area searches
                  forlong-duration GW sources for GEO 600}},
  author =       {B.F. Schutz and M.A. Papa},
  booktitle =    {{Gravitational waves and experimental gravity}},
  year =         1999,
  address =      {Hanoi},
  editor =       {J. Tran Thanh Van and J. Dumarchez and S. Reynaud and
                  C. Salomon and S. Thorsett and J.Y. Vinet},
  publisher =    {World Publishers},
  url =          {http://arxiv.org/abs/gr-qc/9905018}
}

@ARTICLE{TaylorWeisberg1989,
  title =        {{Further experimental tests of relativistic gravity
                  using the binary pulsar PSR 1913+16}},
  author =       {{Taylor}, J. H. and {Weisberg}, J. M.},
  journal =      {Astrophys. J.},
  pages =        {434-450},
  volume =       345,
  year =         1989,
  month =        oct,
  adsnote =      {Provided by the SAO/NASA Astrophysics Data System},
  doi =          {10.1086/167917},
  keywords =     {BINARY STARS, COMPUTATIONAL ASTROPHYSICS, GRAVITATION
                  THEORY, PULSARS, RELATIVISTIC EFFECTS, DATA
                  ACQUISITION, KEPLER LAWS, RADIATION EFFECTS, STELLAR
                  MASS, STELLAR ORBITS},
  url =          {http://adsabs.harvard.edu/abs/1989ApJ...345..434T}
}

@PHDTHESIS{Wette2009a,
  title =        {{Gravitational waves from accreting neutron stars and
                  Cassiopeia A}},
  author =       {K. Wette},
  school =       {The Australian National University},
  year =         2009,
  url =          {http://hdl.handle.net/1885/7354}
}

@ARTICLE{WettePrix2013a,
  title =        {{Flat parameter-space metric for all-sky searches for
                  gravitational-wave pulsars}},
  author =       {Wette, K. and Prix, R.},
  journal =      {Physical Review D},
  pages =        123005,
  volume =       88,
  year =         2013,
  eid =          123005,
  month =        dec,
  number =       12,
  archiveprefix ={arXiv},
  doi =          {10.1103/PhysRevD.88.123005},
  eprint =       {1310.5587},
  keywords =     {Gravitational wave detectors and experiments,
                  Gravitational radiation detectors, mass spectrometers,
                  and other instrumentation and techniques, Mathematical
                  procedures and computer techniques, Neutron stars},
  primaryclass = {gr-qc},
  url =          {http://link.aps.org/doi/10.1103/PhysRevD.88.123005}
}

@ARTICLE{Wette2014a,
  title =        {{Lattice template placement for coherent all-sky
                  searches for gravitational-wave pulsars}},
  author =       {Wette, K.},
  journal =      {Physical Review D},
  pages =        122010,
  volume =       90,
  year =         2014,
  month =        {Dec},
  archiveprefix ={arXiv},
  doi =          {10.1103/PhysRevD.90.122010},
  eprint =       {1410.6882},
  issue =        12,
  keywords =     {General Relativity and Quantum Cosmology},
  numpages =     16,
  primaryclass = {gr-qc},
  publisher =    {American Physical Society},
  url =          {http://link.aps.org/doi/10.1103/PhysRevD.90.122010}
}

@ARTICLE{Wette2015a,
  title =        {{Parameter-space metric for all-sky semicoherent searches for gravitational-wave
                  pulsars}},
  author =       {Wette, K.},
  journal =      {Physical Review D},
  year =         2015,
  month =        {October},
  volume =       92,
  number =       8,
  pages =        082003,
  eid =          082003,
  publisher =    {American Physical Society (APS)},
  doi =          {10.1103/PhysRevD.92.082003},
  archiveprefix ={arXiv},
  primaryclass = {gr-qc},
  eprint =       {1508.02372},
  issn =         {1550-2368},
}

@ARTICLE{Wex1998,
  title =        {{A timing formula for main-sequence star binary
                  pulsars}},
  author =       {{Wex}, N.},
  journal =      {Mon. Not. R. Astron. Soc.},
  pages =        {67-77},
  volume =       298,
  year =         1998,
  month =        jul,
  adsnote =      {Provided by the SAO/NASA Astrophysics Data System},
  doi =          {10.1046/j.1365-8711.1998.01570.x},
  eprint =       {arXiv:astro-ph/9706086},
  keywords =     {BINARIES: GENERAL, PULSARS: GENERAL, PULSARS:
                  INDIVIDUAL: PSR J0045-7319, PULSARS: INDIVIDUAL: PSR
                  B1259-63},
  url =          {http://adsabs.harvard.edu/abs/1998MNRAS.298...67W}
}

@ARTICLE{Will_C_1996,
  title =        {{Gravitational radiation from compact binary systems:
                  Gravitational waveforms and energy loss to second
                  post-Newtonian order}},
  author =       {Will, Clifford M. and Wiseman, Alan G.},
  journal =      {Phys. Rev. D},
  pages =        {4813--4848},
  volume =       54,
  year =         1996,
  month =        {Oct},
  doi =          {10.1103/PhysRevD.54.4813},
  issue =        8,
  publisher =    {American Physical Society},
  url =          {http://link.aps.org/doi/10.1103/PhysRevD.54.4813}
}

@INPROCEEDINGS{Williams1999,
  title =        {{An Efficient matched filtering algorithm for the
                  detection of continuous gravitational wave signals}},
  author =       {Williams, Peter R. and Schutz, Bernard F.},
  booktitle =    {{Gravitational waves. Proceedings, 3rd Edoardo Amaldi
                  Conference, Pasadena, USA, July 12-16, 1999}},
  year =         2000,
  editor =       {Meshkov, S.},
  url =          {http://arxiv.org/abs/gr-qc/9912029}
}
